2850 4817
259 287 303 351 42
636 300 673 349 n.
696 298 821 348 ranan
845 298 977 347 uneccr

260 446 315 522 Et,
335 442 399 511 Qui
413 440 576 507 carolem
590 441 756 507 dirimebat
769 440 871 505 Nereo
885 440 1030 525 delphin.-
1077 485 1079 488 -

260 547 330 623 Sic,
347 542 472 608 Castam
488 544 578 629 longo
590 544 788 608 subduximus
803 544 979 627 Apennino.
1327 540 1364 605 in
1390 549 1391 606 ξ

259 647 361 711 elma
375 648 488 719 viram,
501 666 607 710 nonne
622 648 684 710 hoc
698 662 894 728 spumosum
907 650 942 709 et
954 646 1081 709 cottiae
1093 645 1219 728 pingui
1231 646 1249 708 i

260 748 308 813 Ut
322 750 445 813 ramale
457 754 551 811 vetus
565 749 751 830 praegrandi
765 749 885 812 subere
895 754 1039 812 coctum.

259 916 327 975 longe
364 914 464 976 palmi.
499 914 621 977 Numquid
655 928 701 961 aaa
730 914 802 962 mmai
833 914 894 962 iliad
923 926 1037 975 wmeu,
1061 911 1138 961 Araia
1160 913 1262 969 drea,
1291 925 1364 973 apua

258 978 352 1041 plmam
369 983 413 1041 eal,
434 983 458 1027 ei
476 990 553 1027 craeso
571 974 689 1026 indusio?
716 976 785 1027 Sinai
805 992 885 1027 ram
907 991 1006 1025 mnata
1031 978 1138 1027 &menn
1156 976 1264 1039 ingenii
1286 975 1363 1023 uine.

259 1178 358 1227 monuit
372 1178 501 1242 Jnsepluna
520 1180 642 1241 Scaliger.
669 1178 800 1229 camina.
834 1178 897 1241 Aee·
915 1178 985 1227 Edit„
1002 1178 1094 1242 Steph.
1123 1177 1196 1227 Ani·
1228 1177 1286 1226 Ma.
1309 1176 1363 1223 R.-

260 1246 291 1291 95
309 1240 337 1290 Si
349 1257 394 1305 pro
405 1243 454 1293 Sic.
466 1245 494 1293 C.
511 1243 658 1294 Invenimus
677 1244 803 1306 scriptum
819 1257 836 1290 a
854 1242 967 1291 Poeaias:
994 1250 1086 1292 contra
1103 1240 1183 1292 iidem
1202 1243 1362 1310 antiquarum

205 1332 208 1337 ·
258 1306 473 1371 membranarum,
492 1315 520 1359 et
542 1310 725 1359 auctoritatem
748 1306 903 1359 Quintiliani
921 1320 962 1355 ιν.
981 1312 1005 1359 5.
1035 1306 1241 1369 damaim-et
1259 1302 1363 1365 naarai·
1390 1307 1391 1312 ’

760 1442 868 1494 NOTAE

259 1554 299 1603 nit
308 1554 414 1605 Persius
424 1573 430 1605 :
442 1557 479 1606 ita
489 1572 582 1621 nempe
594 1550 728 1607 consuevit
738 1556 791 1605 Ne·
832 1556 935 1604 trtlrere
954 1556 1052 1605 amavit
1074 1556 1155 1618 Nero,
1177 1554 1327 1605 substituto
1339 1548 1364 1621 ‘in

260 1644 290 1679 ro
301 1630 432 1693 rhythmus
443 1634 547 1695 sectari,
565 1640 592 1682 et
609 1648 687 1682 vanas
698 1631 793 1696 figuras
832 1632 912 1680 tertia
923 1632 984 1680 aede
994 1631 1147 1697 frequenter
1156 1630 1289 1695 spondeo.
1310 1626 1363 1674 Por·

261 1706 404 1756 duntaxat:
425 1710 462 1757 ite
479 1724 552 1758 suum
563 1709 596 1757 de
610 1708 662 1771 Aty
682 1709 791 1757 Carmen
832 1720 919 1770 roper
934 1714 1032 1770 costam
1050 1706 1191 1772 Apennino
1217 1702 1363 1755 subductam

259 1782 791 1849 rhythmicisimplet‚qrmsiunaaintlnec
831 1782 957 1846 intelligit
967 1783 1035 1834 latus
1046 1788 1183 1833 etcertum
1204 1787 1311 1845 partem
1328 1773 1362 1822 ΑΙ·

261 1871 323 1906 vera
334 1858 454 1908 carminis
463 1866 622 1909 ornamenta.
832 1858 914 1921 plum,
936 1860 1054 1909 alludens
1082 1857 1115 1908 ad
1135 1856 1308 1913 Annibalem,
1327 1848 1362 1911 qui

291 1933 375 1997 Aren]
399 1936 510 1998 Nempe,
530 1941 559 1983 ut
577 1934 710 1997 rhythmus
733 1933 794 1982 insit
832 1934 891 1996 igne
906 1940 934 1983 et
954 1946 1028 1985 aceto
1047 1948 1105 1983 eam
1124 1932 1261 1997 perrupit,
1272 1926 1362 1988 sibique

260 2007 387 2069 versibus,
407 2010 487 2067 Attin,
508 2010 654 2073 legendum,
673 2024 725 2057 non
747 2009 793 2058 Ar·
833 2020 930 2069 auoque
949 2007 1079 2055 exercitui
1095 2006 1164 2056 viam
1177 2000 1360 2071 aperuit.Plu·

263 2088 317 2147 ige:
334 2084 794 2148 utmonetJo.Sealiger,etaliidoc·
833 2085 916 2133 tarclr.
938 2084 964 2132 in
986 2084 1049 2133 Vita
1070 2082 1218 2135 Annibalis.
1243 2082 1297 2132 Tit.
1312 2076 1361 2126 liv·

260 2156 359 2207 tissimi.
378 2160 429 2207 Dio
440 2159 473 2207 de
490 2160 604 2221 Nerone,
623 2159 793 2221 ἐκιθαρῴδησαν
831 2159 850 2208 l.
867 2172 929 2209 xxi.

257 2232 491 2296 'Amiralndnxae
515 2234 590 2283 Idem
598 2241 739 2297 suggerunt
750 2248 792 2283 ve·
865 2235 947 2296 Imago
966 2234 1102 2297 Apennino]
1123 2234 1215 2296 longe
1237 2242 1312 2281 mona
1325 2224 1360 2273 ilie

261 2312 451 2361 teresGloseee.
745 2310 757 2323 ‘
834 2309 1142 2374 protemnsperltaliam
1152 2309 1361 2357 mediamexmr·

292 2384 465 2451 Bereeynilius
480 2385 564 2449 Attin]
584 2386 664 2448 Attin,
675 2385 730 2435 sive
748 2388 792 2435 At·
834 2386 869 2435 rit
881 2384 1239 2448 adiretnmusquesiculum.

259 2464 307 2526 ipa,
319 2462 447 2527 Phrygius
459 2478 523 2527 puer
546 2464 682 2513 admodum
701 2462 793 2513 sormo-
865 2468 898 2513 96
914 2464 990 2512 Anna
1007 2462 1097 2525 airam]
1119 2459 1224 2524 Virgilii
1236 2453 1360 2534 AEneidem

260 2552 302 2587 aus
323 2539 456 2589 adamatus
477 2540 594 2605 Cybela,
607 2555 664 2604 qum
680 2554 695 2588 a
713 2540 793 2588 Bere·
832 2537 964 2601 intelligit.
998 2536 1127 2587 Nimirum
1148 2536 1254 2597 reponit
1277 2531 1358 2579 Persio

260 2614 356 2678 cyntho
368 2622 455 2665 monte
464 2615 533 2665 nne
546 2604 659 2677 minoris,
669 2615 712 2663 ubi
725 2616 792 2664 cole·
832 2616 953 2674 munitor,
972 2615 1015 2661 vel
1032 2611 1116 2677 quivis
1128 2612 1193 2661 alius
1204 2605 1358 2672 turgidum

260 2688 347 2751 batur,
368 2685 626 2754 cognomeu'adeptn
645 2698 700 2740 est:
724 2690 803 2739 unde
833 2705 953 2739 versunum
975 2688 1071 2739 artifex
1088 2695 1116 2739 et
1139 2696 1282 2752 patronus:
1299 2681 1319 2731 ⁸5
1336 2684 1360 2723 ¹⁰

259 2765 352 2828 etipse
371 2766 469 2827 pariter
490 2766 678 2829 Berecynthius
696 2767 792 2818 dictus.
830 2770 920 2813 nostra
946 2761 1060 2812 carmine
1086 2775 1138 2812 non
1159 2762 1265 2824 probas,
1296 2749 1357 2817 quii,

260 2840 303 2889 De
321 2854 352 2889 eo
373 2840 482 2890 Carmen
498 2849 540 2889 est
559 2842 655 2891 Catulli
666 2844 793 2905 sexagesi-
833 2854 1028 2904 eenamcenam
1043 2840 1075 2888 de
1087 2838 1233 2901 Virgilium
1244 2826 1358 2885 AEneide?

260 2928 329 2963 mium
346 2923 473 2977 quartum.
501 2916 567 2965 Vide
586 2924 615 2967 et
629 2918 708 2968 Ovid.
721 2919 793 2971 Fast.
832 2915 935 2978 Anpon
946 2922 974 2965 et
991 2915 1027 2982 illi
1040 2928 1129 2964 versus
1140 2912 1299 2961 videbuntur
1308 2915 1357 2966 συθ·

262 3002 303 3039 lv·
334 2990 342 3017 ‘
354 2988 442 3055 Phryx
453 3005 517 3054 puer
527 2991 553 3039 in
562 2991 657 3054 sylvis‚'
670 2996 720 3043 &c
831 2990 896 3041 mosi
908 2998 936 3039 et
947 2988 1050 3039 inflati?

291 3069 324 3115 94
341 3064 476 3116 Dirimeint
496 3066 587 3129 Nerea]
615 3066 707 3119 Nande
720 3084 794 3144 paca·
865 3066 1213 3131 SpamommJVenutnmore
1226 3061 1356 3116 vetutsnu

260 3138 308 3189 bat
318 3156 396 3191 mare.
406 3142 512 3191 Persius
521 3143 607 3206 arguit
617 3158 717 3193 versum
727 3144 794 3196 hunc
833 3160 876 3195 ma
896 3154 1047 3207 turgescens
1057 3142 1231 3203 extrinsecus,
1250 3139 1303 3189 aine
1313 3130 1355 3181 ⁰1¹⁸

260 3218 383 3279 tanquam
394 3216 575 3269 audacioribus
587 3219 743 3283 metaphoris
756 3220 794 3269 in·
832 3219 901 3269 intus
912 3218 1025 3268 medulla
1035 3223 1064 3267 et
1073 3231 1159 3266 succo.

260 3287 359 3339 flatum.
386 3290 486 3341 Nereus
500 3292 793 3359 Densmerinus,meto·
867 3296 962 3345 Cortice
969 3292 1067 3357 pingat]
1084 3293 1187 3353 Crasso,
1198 3290 1296 3349 inflato,
1306 3295 1355 3348 qm·

259 3364 376 3429 oymices
388 3380 436 3428 pro
445 3367 507 3414 mari
518 3368 631 3430 ponitur.
832 3370 884 3420 lem
901 3368 1081 3422 habetsuber.
1114 3367 1181 3415 Vide
1193 3366 1264 3416 Plin.
1273 3373 1325 3413 xm-
1335 3358 1354 3401 ⁸·

292 3440 409 3503 Delphin]
434 3442 492 3491 Hoc
507 3443 576 3491 aliud
593 3446 793 3495 easeaiuntNe-
865 3451 897 3495 97
918 3434 1051 3495 Ui'rnmuie
1072 3443 1151 3505 aetna]
1173 3442 1292 3508 iungunt
1309 3437 1355 3484 1¹2⁶

261 3516 330 3566 runis
347 3516 457 3565 Carmen
470 3518 502 3565 de
513 3516 620 3581 Arione,
629 3534 706 3585 quem
718 3521 794 3569 dorso
832 3521 912 3586 aliqui
920 3536 977 3569 cum
987 3511 1353 3583 precedentibus,ettemmt

261 3591 364 3654 excepit
375 3592 499 3654 Delphin,
516 3594 585 3644 etad
600 3603 702 3657 portum
715 3598 794 3646 vexit.
833 3596 965 3657 monitori,
984 3601 1011 3642 nt
1023 3594 1058 3643 sit
1069 3594 1193 3657 expolitio
1208 3591 1297 3657 prioris
1308 3596 1353 3635 een

262 3668 334 3731 Lege
344 3667 505 3717 Herodotum
514 3670 530 3718 l.
543 3684 562 3719 ι.
576 3672 657 3735 Agell.
667 3684 723 3721 xvi.
734 3686 792 3736 cap.
834 3672 933 3722 tentiae.
966 3669 1004 3719 At
1022 3668 1152 3718 doctiores
1169 3671 1315 3735 sejungunt,
1331 3662 1354 3705 ⁰¹

261 3742 360 3792 ultimo.
383 3742 461 3793 Ovid.
484 3745 553 3794 Fast.
576 3760 607 3795 11.
628 3747 699 3795 Plin.
717 3761 758 3797 rx.
769 3752 793 3797 8.
834 3749 869 3797 sit
889 3746 973 3795 Persii
991 3746 1023 3795 ad
1046 3754 1197 3794 monitorem
1215 3738 1350 3809 responsio:

262 3819 307 3869 nbi
317 3819 371 3882 agit
379 3818 410 3868 de
419 3819 564 3883 Delphinis,
572 3822 679 3887 ipsoque
687 3820 794 3872 Arione.
832 3822 943 3887 grandes
952 3821 1055 3885 quidem
1066 3828 1094 3869 et
1105 3821 1226 3870 sublimes
1237 3824 1295 3870 sunt
1305 3812 1351 3861 lili·

294 3898 325 3944 ne
343 3892 397 3955 Sic]
413 3892 445 3942 Id
457 3902 507 3956 est,
519 3910 566 3957 per
578 3894 684 3945 similem
695 3896 794 3946 vanita·
834 3898 887 3962 gilii
900 3911 997 3959 verens,
1012 3896 1057 3945 aed
1068 3910 1119 3945 non
1130 3894 1221 3957 inflati,
1231 3897 1280 3944 imo
1290 3883 1350 3939 dissi·

263 3976 325 4031 tem,
335 3966 534 4033 affectationem,
543 3984 664 4022 errorem.
835 3981 897 4037 pata
906 3987 996 4036 spuma
1015 3980 1042 4021 et
1059 3978 1159 4019 tumore
1170 3972 1282 4020 discusso
1293 3962 1350 4013 velut

295 4046 390 4094 Cenem
401 4044 564 4107 minumus]
576 4048 659 4097 Unam
668 4047 794 4111 syllabam
835 4048 905 4100 cocti
917 4053 976 4097 aunt
985 4055 1013 4097 et
1021 4054 1122 4096 maturo
1124 4047 1225 4111 jndicio
1235 4037 1349 4111 perfecti:

262 4118 348 4171 verani
368 4120 471 4173 heroico
484 4126 606 4191 tanquam
622 4122 729 4189 longiori
738 4123 796 4179 tub·
835 4120 930 4177 similei
951 4139 1022 4175 ramo
1043 4124 1137 4188 reteri,
1148 4138 1241 4188 magno
1252 4116 1351 4191 quidem»
