2850 4817
242 376 329 447 1212
565 394 762 447 sacuusus
786 394 1002 446 snrrrouurr

240 539 281 610 ni,
295 538 423 600 invenies
435 537 515 617 spud
530 538 674 597 Putesnos
689 538 802 609 iratres,
818 538 948 597 simodo
961 558 1020 599 non
1035 539 1131 618 periit.
1173 540 1256 601 Petri
1270 542 1351 602 enirn

240 654 339 696 eornm
351 635 430 703 dedi,
445 646 473 695 et
483 634 603 695 fortasse
617 636 746 694 Pithoeus
757 635 893 712 quaedam
905 636 988 695 aliter
996 636 1099 708 edidit,
1113 656 1149 695 ac
1161 658 1219 717 ego
1230 640 1352 717 scripsi,

242 732 323 812 quod
339 742 435 792 tamen
450 752 507 791 non
522 744 606 811 puto.
650 734 713 811 Ego
727 734 842 792 illerum
856 734 1029 793 Glossurum
1041 735 1169 792 omnium
1184 735 1354 814 eclogarins

240 828 305 888 sui!
345 830 392 888 Cf.
408 830 593 907 scaligerum
615 830 672 889 FF.
687 830 719 888 P.
736 830 769 889 P.
789 850 820 908 p.
836 850 874 888 m.
897 831 968 891 263.
985 850 1013 889 v.
1030 832 1133 890 Perse.
1177 833 1355 891 Admodum

241 936 338 984 autem
362 938 502 1003 corrupte
528 926 635 1005 scripte
659 927 747 987 luisse
772 926 893 986 Scholis
921 927 979 999 ills,
1002 929 1067 1006 J'sm
1096 948 1184 1005 supre
1213 928 1355 989 vidimus.

243 1020 320 1080 Hinc
345 1042 379 1081 ea
402 1023 557 1082 emendare
582 1024 681 1083 consti
706 1034 776 1083 sunt
803 1023 947 1094 Pithoeus,
977 1025 1161 1102 Rutgersius,
1191 1026 1356 1096 Ferrarius,

242 1117 388 1187 Bartlrius,
403 1118 547 1186 Grteuius,
569 1118 731 1190 Rubenius,
756 1120 887 1187 Vossius,
909 1121 1029 1197 aliique,
1052 1140 1177 1199 qnorum
1193 1130 1281 1180 notns
1297 1140 1357 1181 uua

242 1232 309 1273 cum
334 1214 392 1273 suis
416 1213 453 1272 ad
478 1214 588 1273 calcem
613 1213 683 1273 edit.
704 1232 766 1273 suus
786 1214 935 1291 congessit
956 1216 1130 1274 Herminius.
1175 1216 1259 1274 idem
1288 1218 1356 1295 ipsu

243 1310 362 1369 Scholia
376 1310 469 1369 textui
483 1316 579 1388 poetae
593 1310 733 1387 subjecit,
753 1310 805 1369 sed
821 1330 880 1369 non
893 1312 947 1368 rite
966 1332 1001 1370 sc
1019 1312 1094 1372 bene
1112 1313 1270 1372 tractavit:
1294 1334 1356 1372 uon

242 1405 318 1465 euius
333 1406 438 1466 Pitlroei
452 1406 611 1467 editionem
626 1408 723 1485 operis
737 1407 862 1467 librariis
873 1408 1077 1467 excudendum
1093 1409 1226 1479 tradidit,
1247 1409 1278 1467 iu
1294 1428 1356 1488 qna

242 1502 348 1574 omnia,
370 1503 457 1563 etiam
473 1503 624 1564 manifeste
640 1504 755 1574 vitiosa,
777 1502 904 1564 fideliter
915 1506 1064 1583 descripta
1079 1506 1276 1583 reperiuntur,
1300 1506 1354 1565 sed

242 1600 411 1671 Schreuelii,
425 1602 474 1679 qui
490 1622 579 1678 saepe,
602 1602 773 1661 Salmasiani
786 1602 911 1661 nominis
924 1613 1065 1679 praetextu
1082 1622 1160 1673 usns,
1183 1620 1253 1661 suas
1267 1603 1356 1663 nobis

241 1698 461 1756 emendationes
476 1697 613 1768 obtrusit,
636 1716 758 1775 quarum
777 1699 876 1775 justus
898 1700 1023 1762 rationes
1043 1699 1073 1757 in
1087 1702 1163 1757 erotis
1185 1718 1242 1758 nec
1257 1698 1356 1770 dedit,

243 1810 297 1851 nec
322 1793 392 1851 dare
413 1793 568 1869 potuisset.
610 1795 749 1854 Ceterum
774 1796 901 1855 Scholiis
926 1795 982 1855 illis
1007 1797 1102 1873 majus
1125 1794 1188 1855 iere
1212 1796 1354 1872 pretinm,

242 1906 329 1967 quern
350 1888 430 1965 qnod
447 1898 513 1948 vere
534 1888 658 1959 diisset,
680 1891 862 1951 constituisse
882 1891 1055 1951 crediderim
1068 1892 1134 1951 Jau.
1149 1891 1353 1968 Rutgersium,

242 1983 294 2061 qui
317 1984 346 2042 in
361 1984 431 2045 Var.
455 1984 552 2045 Lectt.
578 2002 600 2045 1.
627 1984 673 2047 16.
696 1985 735 2045 ita
756 1986 794 2045 de
815 1986 848 2045 iis
863 1985 1032 2062 judicavit:
1055 1988 1141 2045 ‘Jum
1160 1986 1276 2063 pridem
1298 1998 1354 2056 est,

241 2100 309 2141 cum
323 2082 357 2140 P.
371 2082 501 2141 Pitlroeus
519 2084 748 2143 eruditissimum
762 2084 915 2144 Jemtis
930 2084 1112 2144 Scdolinrterr
1131 2084 1238 2144 edidit.
1281 2088 1353 2155 Quo

242 2174 388 2236 beneficio
411 2176 457 2235 vix
481 2178 541 2236 dici
561 2189 670 2255 potest,
698 2189 841 2255 quantum
863 2180 996 2237 cultioris
1019 2180 1177 2239 literatura·
1194 2180 1353 2240 ‘studiosos

242 2272 427 2332 demerserit.
472 2273 524 2331 Est
544 2274 618 2332 eninr
633 2275 658 2333 is
673 2277 797 2344 Auctor,
821 2274 849 2333 iu
865 2294 924 2351 quo
938 2274 1031 2335 mrdtu
1051 2294 1087 2333 ac
1104 2274 1253 2334 recondita
1275 2276 1354 2335 anti·

242 2370 360 2448 quitatis
375 2368 494 2447 uestigia
508 2368 720 2446 deprehendes,
736 2390 804 2449 quoe
818 2390 876 2430 non
891 2372 931 2430 ita
945 2369 1064 2430 aliunde
1079 2371 1186 2431 hauriri
1201 2381 1351 2449 poterant.

243 2465 354 2525 Multas
369 2484 479 2541 essque
491 2465 606 2543 ignotas
621 2465 706 2524 uobis
721 2465 808 2525 affert
818 2465 973 2525 historias:
995 2466 1088 2525 multa
1099 2468 1130 2525 in
1143 2468 1288 2527 Juvenele
1303 2487 1353 2529 er·

240 2562 344 2641 plicat,
368 2562 522 2639 inquibus
544 2562 698 2632 hactenus,
721 2570 871 2640 quotquot
886 2564 1062 2641 Interpretes
1082 2564 1147 2641 ejus
1159 2575 1272 2637 extent,
1297 2565 1352 2625 soe·

240 2658 357 2719 dissime
371 2660 444 2737 lapsi
465 2668 543 2718 suut.
586 2661 632 2718 Ac
645 2657 732 2735 louge
753 2657 839 2735 pluru
851 2678 888 2716 ex
909 2678 945 2717 eo
959 2659 1033 2718 disci
1052 2668 1198 2737 poterant,
1220 2659 1276 2719 nisi
1289 2671 1351 2721 tam

241 2755 399 2814 crudeliter
412 2754 591 2814 deformatus
604 2756 641 2814 ad
658 2774 711 2815 nos
726 2755 862 2826 venisset,
885 2765 917 2815 ut
937 2755 985 2814 vix
1000 2757 1059 2815 ullu
1073 2757 1102 2815 iu
1123 2776 1160 2815 eo
1173 2766 1245 2816 nota
1259 2768 1351 2829 extet,

242 2868 309 2927 quse
323 2870 381 2909 uon
404 2850 508 2928 insigni
522 2852 621 2928 aliquo
646 2851 752 2910 mendo
771 2862 892 2930 turpata
914 2852 972 2914 sit!
1012 2853 1081 2911 Nou
1100 2852 1220 2931 quidem
1234 2852 1261 2911 is
1284 2872 1350 2913 sum

242 2946 294 3023 qui
320 2956 416 3024 neget,
443 2946 627 3006 Scholiasten
654 2947 841 3008 Pithoeanum
867 2948 958 3008 fuisse
986 2948 1135 3007 hominem
1159 2949 1285 3009 doctum
1314 2970 1351 3011 ae

242 3041 367 3121 peritum
384 3041 470 3118 juris,
486 3041 624 3113 historiae,
645 3042 803 3121 religionis,
828 3043 995 3123 rituumque
1010 3056 1152 3114 veterum,
1172 3045 1226 3123 qui
1238 3048 1351 3124 passim

222 3130 339 3217 'poete
360 3149 485 3198 mentem
505 3148 585 3199 recte
606 3139 727 3217 ceperit,
749 3139 935 3218 multumque
949 3141 1025 3200 lucis
1044 3139 1182 3199 effuderit
1201 3142 1278 3201 locis
1298 3143 1351 3201 ali-

242 3244 316 3312 quot
333 3234 478 3295 obscuris.
520 3236 624 3313 Neque
648 3236 736 3295 etiem
757 3234 909 3307 dissimile,
930 3236 1041 3295 multus
1059 3236 1126 3313 ejus
1143 3237 1350 3297 annotationes

241 3340 303 3387 tutu
331 3330 456 3407 priscam
484 3327 612 3403 aetatem,
638 3344 700 3391 tum
728 3334 892 3411 elegantem
921 3332 1039 3411 pulolrri
1064 3351 1182 3391 sensum
1209 3332 1350 3409 prodere,

241 3423 393 3503 variasque
414 3427 499 3486 uobis
524 3446 652 3488 servasse
670 3427 799 3499 fabulas,
823 3429 957 3489 historias
978 3438 1010 3486 et
1029 3426 1182 3505 opiniones
1201 3428 1350 3508 antiquus,

241 3540 309 3599 quae
328 3520 399 3581 alibi
417 3522 524 3583 frustra
545 3533 727 3601 queruntur.
767 3525 824 3584 Sed
845 3525 923 3585 idem
945 3544 1065 3603 quoque
1084 3533 1164 3584 recte
1184 3525 1258 3584 milri
1278 3544 1350 3585 eon-

241 3617 361 3678 tendere
381 3618 491 3689 uideor,
515 3620 640 3697 primum
666 3620 754 3698 louge
777 3619 918 3699 plurimas
937 3620 1004 3697 ejus
1024 3620 1239 3697 explicationes
1260 3621 1348 3681 nimis

240 3716 320 3776 leves
335 3733 370 3772 ac
385 3713 522 3784 triuiales,
545 3724 646 3773 tenues
662 3725 691 3775 et
706 3716 839 3793 jejunas,
863 3715 984 3775 subtiles
997 3728 1027 3774 et
1041 3727 1169 3794 argutas,
1191 3717 1304 3779 alienes
1319 3730 1350 3778 et

240 3814 362 3893 ineptas,
378 3809 518 3869 obscuras
532 3821 563 3868 et
577 3820 727 3870 contortas
741 3832 805 3871 esse
813 3836 822 3883 ;
846 3812 961 3882 deinde,
985 3814 1101 3891 quoties
1121 3812 1183 3872 iere
1197 3815 1348 3877 luvenalis

239 3910 278 3971 ad
293 3910 408 3989 ignotos
421 3908 505 3967 nobis
520 3907 652 3967 homines
666 3909 846 3971 relevemus
865 3910 909 3970 sui
922 3909 1064 3988 temporis
1083 3911 1221 3988 respiciat
1233 3923 1265 3971 et
1278 3912 1349 3973 iude

240 4006 389 4065 materiam
403 4013 484 4085 petet
505 4002 685 4075 facetiarum,
707 4004 800 4076 illurn,
815 4007 951 4074 dormis,
974 4005 1194 4085 Porphyrionis,
1209 4007 1349 4068 aliorum·

240 4122 299 4183 que
312 4104 565 4182 grammaticorum
580 4102 727 4181 exemplo,
748 4121 806 4162 non
820 4102 880 4162 alis
893 4122 930 4160 sc
942 4102 1029 4180 plura
1049 4120 1102 4161 nos
1116 4102 1236 4173 docere,
1257 4124 1348 4185 quern

240 4218 308 4279 qua
327 4220 364 4265 ex
385 4200 456 4279 ipsis
478 4207 576 4280 potitae
597 4199 692 4259 verbis
716 4219 896 4279 cognoscere
914 4199 1012 4271 liceat,
1036 4198 1093 4272 vel,
1112 4198 1181 4280 quin
1196 4200 1263 4262 hec
1287 4190 1346 4263 nori
