2850 4817
524 380 667 471 'sursus
692 422 718 471 ι.
1123 398 1175 481 49

62 568 134 634 Ηὶο
149 573 260 633 tumen
274 566 444 631 infodiam.
482 564 575 644 Vidi,
588 566 658 630 vidi
674 566 758 649 ipse,
776 564 905 644 iibeiio;
1104 559 1173 626 120

61 670 247 736 Auriculus
261 670 348 734 asini
360 668 458 732 Mida
471 688 530 732 rex
544 667 655 731 habet.
701 668 781 731 Hoc
795 684 859 748 ego
872 669 1037 750 opertum,

64 772 147 839 Hoc
163 772 268 839 ridere
281 790 405 849 meum,
421 775 487 835 tam
499 767 558 847 nii,
571 768 662 833 uuila
677 768 739 832 tibi
751 766 858 831 vendo

55 998 150 1062 soteri
169 1000 309 1049 tt'ullsresus
319 998 392 1047 licet.
426 992 606 1045 stimulatio
617 992 698 1043 veluti
709 991 925 1053 mubwsoeium:
946 1000 975 1045 et
985 990 1167 1058 iusnsumb03

65 1082 82 1117 o
92 1066 162 1125 iiber,
172 1062 264 1129 aspexi,
272 1068 363 1124 egomet
372 1060 463 1125 superi.
495 1058 568 1107 necat
578 1073 625 1107 nost
634 1060 690 1105 suut
700 1072 769 1107 seres
776 1054 894 1107 usminaei
911 1060 966 1120 Ego
974 1061 1039 1109 istud
1048 1062 1172 1121 «aba,

57 1144 140 1185 ssseuru
151 1130 221 1178 istsss
231 1126 379 1188 derisionem,
391 1128 448 1175 odeo
457 1125 527 1188 porri
534 1122 607 1187 pretii
615 1122 679 1171 lieet
689 1128 740 1187 est,
747 1137 793 1172 ssu
803 1124 910 1172 omanus
917 1124 964 1173 tibi
973 1127 1022 1174 allo
1030 1126 1170 1175 suntme

65 1409 114 1457 121
136 1402 212 1518 md
231 1403 357 1456 iosuueur
376 1397 606 1451 Seresiserieusem.
624 1396 671 1447 lib.
687 1410 732 1447 mr.
749 1396 881 1458 scribitur,
897 1396 1025 1447 Aurioalss
1036 1397 1101 1447 uslai
1118 1398 1170 1446 sit·

66 1469 142 1582 iaris
154 1532 208 1596 qjus
218 1532 289 1581 souis
300 1530 388 1581 Graeci
405 1528 543 1593 Latinique
554 1524 704 1589 corripiunt.
733 1524 864 1575 Cussabos.

570 1702 677 1755 Nom

103 1822 152 1869 liii
177 1818 244 1869 Mm'
263 1820 350 1869 mutire
375 1818 453 1883 nesus]
501 1816 601 1867 Mibine
642 1818 721 1866 semel
740 1817 792 1867 ridi
802 1817 901 1868 fatuum
914 1818 1174 1870 Neruuisdeesrml·

67 1895 118 1945 soii
129 1892 203 1943 nefus
214 1894 284 1959 ioqui
296 1901 322 1944 et
333 1906 441 1958 carpere
453 1906 545 1957 prasos
558 1892 603 1943 bo·
641 1891 716 1941 uibus
723 1892 863 1955 judicium,
881 1896 1037 1959 stultumque
1047 1895 1172 1945 nobilium

67 1972 168 2027 minum
180 1971 281 2020 mores?
642 1968 819 2018 Romanorum
831 1971 871 2020 vei
882 1970 1051 2035 ignoruntium
1061 1973 1102 2023 rel
1110 1972 1173 2024 udu-

63 2068 74 2077 -
103 2046 158 2096 Nes
175 2044 246 2108 eiust]
287 2046 502 2111 Quandoquidem
524 2044 602 2095 etism
643 2044 775 2093 lationem.

68 2122 159 2187 palam
176 2120 202 2171 id
218 2120 307 2171 issere
324 2122 398 2171 licuit
415 2122 480 2179 aliis,
496 2120 604 2183 Lucilio,
679 2124 723 2169 itt
749 2122 876 2171 Aeriesiss
891 2123 962 2187 asiai,
978 2126 1033 2189 be]
1066 2126 1173 2175 Dicitur

71 2197 200 2247 Horatio:
229 2210 313 2246 aunon
333 2196 426 2247 saitem
445 2196 514 2245 luter
531 2194 604 2245 sami·
643 2196 750 2247 Persius
777 2198 923 2262 scripsisse:
958 2200 1086 2251 naricam
1111 2200 1175 2250 asini

71 2274 151 2323 liures
162 2272 202 2323 iss
212 2272 274 2322 milri
288 2273 339 2323 erit
353 2273 379 2321 in
392 2272 453 2321 vitiu
464 2278 492 2321 ut
503 2284 603 2321 errores
644 2272 717 2321 Mida
741 2288 787 2323 rex
810 2274 892 2325 iubet:
920 2276 1063 2327 correxisse
1088 2284 1174 2327 sutem

70 2351 168 2415 stylum
179 2348 325 2413 stringere?
645 2346 758 2398 Annuus
766 2350 906 2413 Cornutus,
914 2351 1000 2400 Persii
1010 2360 1173 2416 prereptus:

106 2424 316 2487 Nesssstsrrobe]
340 2422 441 2473 Alludit
452 2420 604 2472 asliabnlsm
644 2424 696 2485 quis
715 2438 760 2472 sss
778 2423 866 2475 moeri
888 2440 922 2474 ns
934 2441 962 2477 se
974 2434 1089 2477 notatum
1102 2427 1175 2480 Nero

70 2500 105 2551 sie
119 2500 201 2563 bilds,
215 2500 327 2551 omnum
337 2490 450 2549 dsiuiuss
460 2514 517 2548 esse
528 2512 603 2548 aures
645 2498 720 2547 nimis
741 2505 831 2561 sperte
847 2499 1014 2565 intelligeret.
1048 2504 1175 2555 Cussubo·

72 2586 164 2628 tonsor
183 2577 301 2638 vidisset,
321 2590 371 2626 nee
388 2577 472 2641 palam
482 2577 604 2641 evulgare
644 2574 924 2637 uus,Lnbinns‚etsiil.
954 2578 1176 2631 Contrsuonuulli

72 2654 194 2713 auderet,
214 2653 341 2717 prurienti
358 2652 605 2717 liuguautsstlstis·
645 2657 775 2714 pugnant:
803 2666 855 2701 nou
877 2652 959 2701 miuus
980 2660 1071 2716 sperts
1091 2654 1177 2706 videri

73 2734 147 2779 eeret
164 2728 335 2791 aliquatenus,
351 2734 446 2778 terram
463 2728 565 2790 effudit,
576 2734 605 2777 et
644 2730 763 2775 notarum
784 2725 865 2776 tuisse
888 2728 1020 2778 Neronem
1042 2729 1176 2785 afferendo

73 2802 163 2853 serum
176 2801 252 2853 fartos
264 2804 434 2853 insusurravit
449 2804 474 2853 ld
486 2803 556 2868 quod
568 2803 604 2851 ri·
644 2800 752 2865 vulgara
769 2800 801 2849 sb
816 2816 848 2850 eo
866 2804 971 2866 scripto,
992 2804 1068 2854 'ibren
1078 2804 1177 2859 Mimal-

73 2880 159 2928 derat.
184 2878 253 2941 Iege
270 2880 351 2928 0rid.
370 2880 541 2943 Metamorplr.
559 2878 625 2929 lib.¹
645 2876 725 2939 buris,
740 2880 779 2937 et,
801 2877 974 2942 Berecystbiss
992 2880 1080 2932 Attis:
1107 2882 1176 2933 uude

75 2966 121 3003 ιι.
134 2967 194 3017 cap.
206 2958 231 3003 l.
241 2961 269 3004 et
280 2958 305 3003 5.
646 2952 808 3002 contendunt
818 2952 874 3004 bec
885 2968 936 3004 uou
944 2953 1022 3005 tuisse
1032 2958 1113 3020 ipsius
1124 2960 1176 3009 Ne-

110 3028 244 3092 Nusquam]
280 3029 449 3095 Nequaquam
471 3030 542 3094 lieet,
569 3030 607 3080 ait
646 3028 1018 3089 tonis,utsuolocudiximus.
1052 3034 1176 3083 ceterum

73 3104 196 3155 monitor.
264 3128 266 3135 ·
649 3116 738 3154 sensus
760 3112 819 3154 est:
844 3113 896 3153 tum
916 3105 1004 3169 inepte
1020 3107 1124 3170 judicat
1143 3108 1177 3158 de

109 3186 158 3230 12⁰
175 3180 445 3245 Hirtsmrrrissods'um]
470 3182 536 3231 Mihi
549 3196 608 3231 vero
650 3179 821 3240 Carminibus,
846 3195 922 3244 quum
946 3180 1033 3232 blidas
1055 3181 1177 3248 detautu,

75 3265 226 3320 temperare
244 3269 295 3306 uon
315 3270 426 3320 possum,
445 3258 530 3320 iuquit
546 3257 609 3306 Per·
650 3256 691 3305 cui
709 3262 849 3318 propterea
867 3256 893 3303 iu
909 3255 1051 3307 ludibrium
1067 3258 1176 3311 asininas

76 3334 147 3393 sins-3
165 3346 267 3399 quoquo
278 3332 354 3383 ruodo
364 3332 492 3381 sedendus
500 3338 540 3381 est
549 3332 611 3398 styli
652 3346 727 3385 aures
740 3328 823 3380 affixit
834 3328 936 3395 Apollo.

76 3409 203 3476 pruritus.
235 3410 313 3473 nego,
330 3414 359 3458 ut
379 3410 457 3459 otiose
475 3417 562 3459 tonsor
573 3408 609 3458 ri*-
681 3406 917 3471 Hosegoopsrtars]
954 3406 1040 3458 Meam
1058 3409 1179 3461 bsucde·

75 3486 155 3535 iossse
173 3490 259 3545 terro,
275 3484 312 3534 sir.
324 3499 371 3549 rgo
382 3486 470 3535 libello
480 3485 539 3535 huic
550 3500 607 3535 meo
647 3488 769 3539 risionem
789 3484 850 3533 lieet
869 3484 999 3534 occultam
1020 3494 1074 3535 tssu
1096 3488 1181 3551 parvi,

76 3562 178 3625 loquar,
205 3559 352 3621 iuscribsm‚
379 3568 408 3611 et
433 3562 511 3611 arriusi
533 3576 608 3611 seusu
648 3566 698 3613 imo
711 3559 782 3610 nilrili
799 3560 1018 3620 ste‚omonitor‚
1035 3570 1063 3613 et
1074 3562 1108 3612 sb
1124 3564 1180 3614 sliis

77 3638 252 3689 committam:
270 3652 320 3687 uon
331 3647 429 3690 temere
439 3642 541 3705 quidem
549 3655 608 3704 pro·
649 3638 717 3688 l'urte
734 3634 920 3699 srstimsudsm,
939 3652 987 3702 ego
1009 3650 1095 3689 tamen
1113 3640 1180 3690 tanti

77 3715 182 3766 trudam
199 3716 225 3763 iu
240 3716 323 3764 iucem
335 3714 404 3779 quud
415 3716 552 3779 scripsero,
562 3712 608 3765 sed
648 3716 727 3778 facio,
746 3721 774 3762 ut
794 3714 874 3777 pluris
891 3715 1019 3765 estimem
1036 3731 1113 3780 quarn
1125 3716 1180 3767 Hu-

77 3790 191 3842 suribaut
203 3793 301 3853 saitem,
314 3798 341 3841 et
352 3794 477 3855 scriptum
491 3794 561 3843 reiut
572 3794 610 3841 iu·
649 3790 713 3842 meri
726 3790 845 3850 iliadem,
865 3790 907 3838 vei
922 3791 1095 3855 potiusquam
1106 3790 1182 3841 Accii

78 3867 177 3917 fodiam
195 3874 223 3917 et
239 3868 330 3917 celabo
349 3867 418 3931 apud
437 3882 478 3916 me
496 3874 524 3917 et
540 3870 609 3932 apud
650 3868 778 3919 Labeonis
803 3866 921 3916 Iustinum
945 3867 1039 3931 Iliada,
1064 3868 1181 3933 quumvis

76 3954 176 4007 paucus
198 3944 303 4003 amicus,
321 3950 351 3992 nt
371 3942 509 4009 sliqusudo
531 3946 611 3993 etiarn
651 3944 752 3997 Neroni
769 3945 906 4009 plurimum
918 3944 1060 4008 probatum.
1088 3946 1183 4010 Suprs,

80 4020 179 4085 posteri
191 4018 288 4081 legant.
427 4042 429 4047 ·
651 4037 690 4073 vs.
701 4026 727 4071 4.

117 4092 313 4157 Υίᾰί,υὶᾱίίρει]
338 4094 612 4160 Erumpitiudiguatio
684 4100 733 4149 122
750 4094 825 4149 Nolis
834 4098 880 4148 tibi
890 4098 962 4147 teudo
973 4098 1061 4163 iliade]
1087 4096 1182 4165 idest,

80 4186 155 4221 mes:
175 4170 232 4233 jam
250 4170 310 4219 diro
331 4170 356 4219 iri
369 4172 436 4236 quud
450 4171 502 4219 vidi
514 4186 564 4219 uou
577 4170 611 4221 ie·
651 4188 702 4224 uon
713 4184 898 4224 commutarem
914 4187 961 4237 pro
972 4162 1065 4236 iliade,
1081 4180 1110 4224 nt
1120 4188 1181 4225 mox

80 4244 203 4297 rendum:
222 4260 236 4293 u
254 4244 350 4306 libelle,
361 4260 411 4309 ego
422 4246 478 4310 ipse
489 4246 553 4310 vidi,
564 4256 612 4297 neo
652 4248 715 4301 dist.

146 4326 239 4389 Delpi.
248 4329 272 4374 et
285 4322 342 4377 Vur.
355 4327 420 4377 Cius.
602 4328 672 4379 Pers.
1090 4328 1117 4381 l)

229 1467 276 1518 sed
287 1467 362 1517 aliter
374 1466 401 1516 in
420 1463 597 1541 antiquissima
613 1460 697 1510 Persii
715 1460 787 1523 Vita,
804 1460 883 1525 idque
902 1461 1011 1511 melius:
1036 1475 1096 1511 uam
1118 1462 1173 1526 pri·
1280 1490 1284 1495 ·
