2850 4817
518 391 742 447 snvxnstrs.
1089 374 1177 443 1213

68 540 250 612 intellexerit,
275 538 491 601 commentitius
505 539 572 599 iude
584 558 620 599 xc
632 538 732 599 futiles
743 554 952 617 nonuunquam
965 536 1085 599 temus
1096 556 1176 599 esss-

70 658 194 717 ponere;
217 647 364 717 prseteres
379 656 447 696 euru
461 654 540 715 sepe
554 655 612 695 non
631 634 798 696 notissimus
811 644 925 695 tentum
940 636 1074 695 lsistoriss
1086 644 1177 696 et·res

70 736 200 815 pluribus
224 754 376 812 exponere
400 734 506 802 vonis,
529 734 579 793 sed
605 732 765 794 verioribus
787 752 907 811 quoqne
929 753 967 794 sc
991 733 1176 804 certioribus,

70 852 132 912 qne
143 834 273 893 Tscitus
293 832 403 910 aliique
422 832 603 903 trsdlslerint,
626 850 718 911 nugss
729 842 762 891 et
782 843 959 903 comnena,
982 853 1021 893 ex
1040 851 1177 911 perverse

70 931 169 991 horum
204 930 451 1007 interpretatione
476 940 572 999 enets,
608 932 669 991 slve
696 930 868 1002 senecen,
896 930 958 989 sire
987 930 1176 991 substituere.

70 1028 171 1105 Neque
191 1025 275 1086 sdeo
298 1026 370 1085 mire
384 1028 449 1087 bec
469 1026 648 1087 videbuntur
660 1027 698 1097 ei,
722 1028 774 1104 qui
787 1036 852 1086 tum
870 1028 1042 1098 meminerit,
1064 1036 1178 1088 susture

71 1124 136 1183 setis
156 1124 289 1203 ineptire
310 1122 435 1201 cupisse
456 1122 684 1193 Grsmmxticcs,
709 1134 772 1183 tum
794 1124 976 1202 expenderit,
1000 1144 1070 1203 quse
1088 1142 1178 1203 suprs

66 1218 124 1297 jum
142 1220 380 1291 observavimus,
403 1221 552 1299 exemplar
574 1222 757 1281 Pithoesnum
780 1220 997 1281 mesidosissisxe
1019 1219 1108 1281 luisse
1125 1222 1179 1283 de·

72 1316 220 1395 scripturn,
244 1327 279 1377 et
293 1316 363 1376 huic
378 1317 550 1377 schotuste
571 1317 649 1377 idem
664 1317 819 1387 eccidisse,
843 1316 924 1396 quotl
940 1316 1087 1377 veteribus
1106 1338 1178 1378 con·

73 1413 132 1490 tigit
148 1414 378 1484 Grsmmstieis,
404 1424 464 1475 tum
485 1414 609 1483 Gssecis,
631 1432 721 1491 quem
744 1412 866 1482 lxtisis,
891 1420 924 1470 ut
943 1432 1002 1471 noo
1021 1412 1178 1486 defuerint,
1231 1444 1236 1461 ·

75 1529 121 1569 seu
135 1510 319 1580 sehohstici,
333 1529 388 1577 seu
400 1510 536 1571 monachi
548 1519 578 1569 et
593 1508 713 1580 librarii,
729 1509 780 1587 qui
792 1508 822 1567 io
835 1507 1030 1585 excerpendis
1043 1511 1181 1571 trsnscri·

75 1605 231 1686 benquue
257 1607 389 1669 Scholiis
414 1608 537 1687 entique
560 1625 597 1665 sc
624 1606 722 1685 probs
748 1606 839 1663 modo
863 1605 1071 1665 eoeusboenr
1093 1606 1180 1667 omit·

76 1712 208 1776 terestre,
222 1703 331 1775 modo,
353 1704 510 1765 innumeris
530 1704 606 1775 eliis,
625 1713 656 1763 et
669 1704 841 1781 plerumque
853 1700 1048 1761 deterioribus
1060 1702 1181 1781 ineptis·

77 1800 243 1879 qnepsnnis
257 1799 379 1871 miuus,
399 1800 477 1861 loede
496 1806 719 1879 corrumperent
732 1807 824 1877 etque
841 1798 1060 1877 interpolarent.
1102 1802 1179 1871 Qun
1209 1866 1216 1872 ,

78 1916 138 1957 cum
151 1899 192 1959 its
205 1900 277 1969 sint,
295 1916 400 1976 purum
413 1896 552 1976 prolecto
567 1896 701 1957 utilitatis
714 1916 751 1956 ex
763 1897 819 1957 lssc
829 1895 982 1973 ferrugine,
995 1916 1065 1975 quse
1073 1902 1180 1960 setes'is

78 1988 245 2055 Srlssliestae
258 2012 370 2054 nomen
385 2014 445 2071 prte
458 2014 490 2053 se
503 1993 568 2065 lert,
583 1994 696 2071 percipi
706 2002 815 2071 potest,
826 1992 881 2052 nisi
894 1993 932 2052 etl
942 2012 1008 2053 ests
1019 1996 1179 2055 sccesserls

80 2096 133 2149 lsm
146 2091 246 2151 subtili
259 2090 380 2168 ingenio
392 2100 422 2149 et
436 2099 494 2150 teus
509 2101 648 2150 accurate
663 2108 783 2168 quoque
797 2090 932 2149 doctrine
945 2090 1116 2163 instructus,
1136 2100 1179 2162 ut,

78 2204 141 2261 que
156 2186 303 2256 tollenda,
326 2204 454 2265 queque
470 2186 663 2263 relinquentis
677 2186 748 2254 sint,
771 2185 839 2243 setis
855 2184 1037 2262 exploretum
1059 2188 1179 2247 lsslsess.

81 2280 120 2337 Ex
132 2282 174 2341 liis
187 2283 274 2343 simul
291 2279 473 2358 intelligitur,
494 2298 583 2357 quem
597 2297 701 2357 purum
715 2279 765 2339 ille
779 2279 925 2340 rideretur
937 2300 1038 2357 opere
1050 2282 1181 2360 pretinm

80 2373 213 2448 lsctmus,
235 2376 293 2457 qni
313 2373 456 2437 infinitam
469 2374 547 2435 illum
568 2374 756 2435 Scholicrurn
774 2375 999 2448 multitudinem,
1022 2378 1181 2441 multorum

82 2469 171 2532 codd.
184 2474 261 2534 Mes.
277 2471 401 2551 murgirsi
420 2470 591 2549 escriptsrn,
612 2470 749 2549 colligere
769 2480 799 2530 et
820 2471 981 2532 Pitlsteeois
1000 2482 1130 2535 attexere
1148 2475 1180 2536 in

81 2568 201 2629 animum
215 2570 384 2631 induceret.
425 2568 456 2628 si
475 2568 540 2645 quis
554 2576 651 2627 tumen
672 2568 892 2643 circumspecto
904 2578 1048 2645 rectoque
1063 2568 1181 2644 judicio

83 2662 207 2727 sdhibito
222 2667 306 2727 bons
319 2686 356 2725 ex
376 2665 412 2725 iis
425 2684 581 2742 excerpere
597 2684 633 2723 sc
648 2664 768 2741 vulgsre
781 2663 879 2733 vellet,
898 2682 958 2721 uon
971 2664 1087 2735 dubito,
1109 2666 1181 2745 quin

84 2759 256 2839 eliquentnm
278 2760 349 2821 inde
368 2761 482 2822 fructus
505 2762 571 2838 cepi
593 2760 694 2838 possit
738 2758 814 2818 triti
835 2758 954 2837 quidem
973 2761 1011 2820 sd
1032 2762 1089 2822 hoc
1107 2782 1181 2823 con·

85 2858 171 3011 {ilium
183 2860 356 2940 sgitsndum
376 2858 640 2939 exequendumque
658 2866 687 2919 et
700 2857 824 2929 suimus,
844 2866 875 2917 et
887 2856 990 2930 otium,
1009 2870 1041 2919 et
1054 2858 1181 2937 loculus

104 2954 205 3017 eluere.
356 2962 361 2969 '

587 3059 675 3121 1587.

123 3150 333 3212 Pulmsnoiuna
349 3166 395 3211 ιι.
417 3148 570 3211 ducendis
588 3156 617 3209 et
632 3149 769 3209 Persius.
810 3150 953 3226 Antrerp.
967 3168 1003 3208 es
1015 3150 1069 3229 ff.
1085 3150 1182 3231 ceps.

89 3244 359 3317 Plautini-15⁸7.

124 3342 302 3406 llesncrutur
316 3343 476 3405 Henninio.

585 3448 673 3513 1590.

124 3534 331 3598 Pulmennisns
351 3554 383 3598 v.
413 3538 503 3600 Jsss's'
527 3537 678 3598 Jsssssls's
706 3535 886 3614 Sasyrm
914 3536 1003 3597 Ls'lrs'
1023 3554 1055 3597 v.
1083 3537 1184 3602 Persis·

89 3626 181 3690 Ποσει·
206 3632 386 3713 Satyrum
409 3634 484 3694 liter
507 3652 593 3695 sess.
636 3631 774 3712 Lugduni
799 3632 884 3711 upsd
908 3633 1181 3700 Plautium-12.

91 3732 172 3794 1590.

128 3822 161 3881 V.
175 3825 269 3885 Cstsl.
284 3825 362 3885 Bibl.
378 3827 541 3886 Hesaesnsc.
582 3828 680 3886 Brem.
698 3836 786 3895 1732.
801 3846 832 3904 p.
846 3825 917 3897 639.
931 3848 963 3887 n.
977 3828 1026 3889 ³6.

126 3919 258 3981 *Pithoei
281 3938 321 3983 11.
344 3928 385 3995 (n.
400 3920 463 3994 76.)
488 3926 524 3981 A.
539 3923 641 3982 Persii
665 3920 845 3999 Satyrum
866 3922 960 3983 Liber
980 3940 1003 3982 1.
1030 3923 1073 3982 D.
1093 3921 1184 3985 antt

91 4012 235 4076 Jmesslis
259 4017 435 4095 δάμναται
458 4017 527 4076 Lis.
548 4034 580 4075 v.
606 4016 749 4096 Ssspios'oe
773 4018 885 4095 Satyrs
906 4034 930 4076 ι.
955 4036 1019 4076 cess
1041 4018 1185 4079 celestius

92 4114 391 4173 immanis-mo
402 4116 534 4193 prim
546 4114 646 4174 eds'ts's.
686 4112 735 4174 Es
748 4112 922 4174 bibliothece
936 4114 979 4173 P.
996 4112 1111 4172 Pitloes'
1122 4112 1184 4176 JC.

95 4206 171 4282 estius
190 4210 278 4269 elices
300 4216 380 4269 este
398 4210 532 4290 qsaedsss
544 4208 670 4289 edjsetoe
690 4216 772 4270 sset.
812 4207 941 4287 (ludgne
954 4208 1143 4269 neeman
1157 4229 1197 4278 s.,
