2850 4817
243 274 288 338 ta
621 287 657 336 s.
680 286 805 336 esaon
829 286 961 333 sssocr

244 433 300 508 Et,
320 429 384 498 Qui
398 428 560 494 coewleum
574 428 740 494 dirimebat
754 428 855 493 Neres
869 427 1014 512 delphin:

244 534 314 610 Sic,
332 529 457 595 Costom
472 530 562 616 longo
574 531 772 595 subduximus
787 532 963 615 Apennino.

243 634 345 698 sinna
359 634 472 707 virum,
486 652 592 697 nonus
606 634 668 697 hoo
682 649 878 715 spumosum
891 638 926 695 et
938 634 1064 697 cortice
1077 632 1222 715 pingull

244 735 293 799 Ut
307 737 429 799 remulo
441 741 536 798 vetus
549 736 736 817 prmgraudi
750 736 869 799 subere
879 740 1023 799 coctum.

243 903 311 962 longe
348 901 448 963 pucati.
483 901 605 963 ll'untquid
639 915 685 947 non
714 902 786 949 diest
818 900 879 949 iliud
907 913 1020 963 cumen,
1044 898 1122 949 Arm
1145 901 1237 956 sirm,
1268 915 1357 963 apen

242 965 336 1028 phuam
353 970 398 1028 est,
418 970 442 1014 et
460 960 673 1014 ormisdam?
700 964 769 1013 Sicut
789 978 869 1013 ram
891 978 990 1013 marus
1015 965 1122 1013 decom
1141 964 1239 1025 mesu
1262 964 1357 1014 nias.

711 1087 872 1107 ennecone

243 1164 342 1214 monuit
356 1165 485 1229 losephus
504 1166 626 1228 Scaliger.
653 1164 784 1215 cassim.
818 1164 881 1228 Ass·
899 1165 969 1214 Edit.
987 1164 1078 1229 Steph.
1107 1163 1177 1214 Astu
1206 1164 1264 1214 his.
1288 1165 1355 1213 Re-

244 1232 275 1277 95
293 1227 321 1277 Si
333 1244 378 1291 pro
390 1230 438 1279 Sic.
450 1232 478 1280 C.
495 1229 643 1281 invenimus
662 1230 787 1293 scriptum
803 1244 820 1277 c
838 1229 951 1279 Positis:
978 1236 1070 1278 contre
1086 1227 1166 1278 iidem
1182 1230 1353 1293 audonem·

242 1293 457 1357 membranarum,
476 1303 505 1345 et
526 1296 709 1345 auctoritatem
732 1293 886 1346 Quintiliani
906 1307 946 1343 rr.
965 1299 990 1344 5.
1019 1293 1218 1342 cinam-m
1234 1294 1354 1355 sagrus·
1390 1304 1395 1309 ’

744 1429 852 1481 NOTAE

243 1540 283 1590 nit
292 1541 414 1592 Persius:
426 1543 463 1592 ita
473 1558 566 1607 nempe
578 1535 711 1593 cousuevit
722 1543 776 1592 Ne·
816 1542 919 1591 trahere
939 1543 1036 1592 amavit
1057 1543 1139 1605 Nero,
1161 1542 1309 1591 substituto
1330 1540 1356 1588 is

245 1630 274 1665 ro
285 1617 416 1679 rhythmos
427 1622 531 1682 sectari,
549 1626 576 1668 et
593 1634 672 1669 vanas
682 1618 777 1682 figuras
816 1618 896 1667 tertia
907 1619 968 1667 sede
978 1618 1130 1683 frequenter
1140 1618 1270 1681 spondeo.
1292 1617 1357 1665 Por·

246 1692 388 1743 duntaxat:
409 1696 446 1743 its
463 1710 535 1745 suum
547 1695 580 1744 de
594 1694 646 1759 hty
666 1696 776 1743 Carmen
816 1708 845 1742 ro
855 1708 902 1756 per
918 1701 1016 1759 costam
1034 1693 1174 1759 Apennino
1196 1693 1356 1742 subductam

243 1768 776 1835 rhythmicisimplet,qnaslunasinthaec
815 1768 940 1833 intelligit
951 1771 1019 1820 latus
1030 1776 1058 1820 et
1068 1777 1167 1819 certam
1185 1776 1294 1831 partem
1313 1768 1356 1816 ΑΙ-

245 1857 308 1893 vera
318 1845 438 1894 carminis
447 1853 606 1895 ornamenta.
816 1844 898 1908 pium,
920 1848 1038 1897 illudens
1066 1845 1098 1895 ad
1119 1844 1291 1905 Annibalem,
1312 1844 1354 1905 qni

275 1919 359 1984 Attis]
383 1922 494 1984 Nempe,
514 1928 544 1970 ut
561 1920 693 1985 rhythmus
717 1919 779 1969 insit
816 1920 875 1982 igue
890 1928 918 1971 et
938 1932 1012 1972 aceto
1031 1936 1089 1971 eam
1109 1919 1240 1984 perrupit,
1250 1918 1354 1982 sibique

244 1994 370 2057 versibus,
391 1997 471 2054 Attis,
491 1996 637 2061 legendum,
657 2011 708 2045 nou
731 1996 777 2045 Ar·
817 2006 914 2056 suoque
933 1994 1063 2043 exercitui
1080 1994 1147 2042 vium
1162 1994 1278 2058 apernit.
1293 1994 1354 2042 Plu·

247 2074 300 2133 lys:
318 2071 778 2134 utmonetJo.Scaliger,etaliidoc-
818 2072 900 2120 tsrch.
923 2073 949 2119 iu
970 2071 1033 2120 Vita
1054 2069 1199 2120 Annibalis.
1223 2071 1279 2120 Tit.
1296 2071 1354 2119 lis.

244 2142 343 2194 tissimi.
362 2145 413 2193 Dio
424 2145 457 2194 de
474 2146 588 2207 Nerone,
607 2146 777 2208 ἐκιθαρῴδησαν
816 2145 834 2195 1.
852 2159 914 2195 xxi.

240 2218 475 2283 ’Awhshuisxss
499 2221 574 2269 Idem
582 2226 723 2285 suggerunt
735 2235 776 2269 ve·
849 2222 931 2283 largo
951 2221 1086 2284 Apennino]
1107 2220 1196 2284 louge
1217 2234 1297 2269 mous
1311 2220 1354 2268 illc

245 2297 436 2347 teresGlosroe.
729 2296 740 2310 '
818 2295 1126 2360 proteusnsperltsliam
1137 2295 1249 2345 medinm
1261 2309 1354 2345 exem-

276 2370 449 2436 Berecynthius
464 2372 548 2435 Attin]
568 2372 648 2435 Altis,
659 2372 712 2421 sive
732 2374 777 2421 At·
818 2373 854 2423 rit
864 2372 898 2421 ad
906 2371 1002 2422 fretum
1010 2386 1089 2436 usqne
1096 2371 1220 2421 Siculum.

242 2452 291 2513 ips,
302 2448 431 2513 Phrygius
443 2464 507 2513 puer
529 2450 665 2500 admodum
685 2448 777 2499 sonno·
849 2455 882 2500 96
898 2452 974 2500 druto
991 2449 1080 2512 airuns]
1103 2446 1206 2510 Virgilii
1217 2447 1353 2496 AEueident

245 2538 286 2573 sus
307 2525 440 2575 adamatus
461 2526 578 2591 Cybeles,
591 2542 647 2590 quae
664 2541 679 2575 u
697 2527 777 2576 Bere·
816 2526 948 2589 iutelligit.
982 2524 1110 2573 Nimirum
1132 2522 1236 2585 reponit
1259 2522 1352 2570 Persio

244 2600 340 2664 cyatho
351 2608 439 2651 monte
447 2601 517 2653 Asin
530 2592 643 2663 miuorls',
653 2602 696 2651 nbi
709 2602 777 2651 cole·
815 2602 937 2661 monitor,
957 2601 999 2649 vel
1017 2599 1100 2663 quivis
1111 2599 1177 2648 atius
1189 2596 1352 2660 turgidorum

244 2674 330 2737 batur,
351 2670 610 2740 cognomen'adepta
629 2685 684 2727 est:
707 2677 787 2727 unde.
817 2692 938 2727 versuum
959 2676 1055 2726 artifex
1072 2682 1101 2725 et
1123 2683 1265 2739 patronus:
1283 2676 1306 2723 si
1324 2681 1352 2722 ta

243 2751 337 2814 etipse
355 2752 453 2815 psritcr
474 2752 662 2815 Berecynthius
680 2753 776 2805 dictus.
813 2756 904 2800 nostru
930 2748 1044 2799 carmina
1069 2762 1120 2799 nou
1144 2748 1247 2812 probes,
1280 2747 1351 2812 quid,

244 2826 288 2875 De
305 2840 335 2875 eo
356 2827 466 2877 Carmen
482 2835 523 2877 est
542 2827 640 2878 Catulli
650 2830 777 2892 sexagesi-
817 2842 912 2892 queso,
923 2841 1012 2875 censes
1027 2826 1059 2874 de
1070 2825 1216 2889 virgiliana
1226 2824 1352 2873 AEueidci

244 2914 313 2949 mum
330 2909 456 2964 quartum.
485 2904 551 2952 Vide
570 2912 599 2953 st
614 2904 693 2955 Ouid.
705 2905 776 2957 Fast.
816 2902 919 2964 Aupon
930 2912 958 2951 et
974 2901 1011 2951 illi
1024 2915 1113 2951 versus
1124 2900 1284 2949 videbuntur
1294 2914 1350 2963 spu·

246 2988 287 3025 lv.
317 2978 325 3003 ‘
338 2974 426 3042 Phryx
436 2992 500 3041 puer
510 2977 537 3027 in
545 2979 641 3042 sylvis,'
654 2984 703 3030 &c
816 2977 880 3026 mosi
892 2984 920 3025 et
931 2974 1013 3026 inflati
1025 2979 1034 3025 i

275 3055 308 3101 st
324 3050 460 3103 Dirimelur
479 3054 571 3117 Nereo]
599 3054 691 3106 Nando
704 3070 779 3131 pecs·
849 3054 1000 3117 Sponsum]
1009 3053 1083 3100 Vano
1095 3059 1198 3100 tumore
1210 3050 1284 3099 volut
1295 3066 1349 3114 spu·

244 3124 292 3175 bat
302 3142 380 3178 mare.
389 3127 496 3179 Persius
505 3130 591 3194 arguit
601 3146 700 3181 versnru
711 3131 778 3182 huuc
817 3147 860 3181 rus
880 3141 1031 3195 turgescens
1041 3129 1214 3190 extrinsecus,
1234 3129 1291 3177 sine
1302 3130 1349 3179 ulls

244 3206 366 3265 tunquam
378 3205 560 3256 audacioribus
571 3207 727 3271 metaphoris
740 3207 778 3256 in·
816 3206 885 3256 intus
896 3205 1008 3255 medulla
1019 3209 1047 3253 et
1057 3218 1144 3253 succo.

244 3272 342 3325 flatum.
370 3278 470 3328 Nereus
483 3280 556 3331 Deus
566 3282 687 3347 marinus,
696 3289 777 3331 moto·
851 3284 946 3331 Cortice
953 3279 1051 3344 pingat]
1068 3280 1172 3341 Crasso,
1182 3277 1283 3341 inflato,
1293 3295 1349 3345 qm·

243 3350 359 3414 nynticols
371 3366 419 3414 pro
429 3354 492 3402 suari
501 3356 614 3418 ponitur.
816 3356 867 3405 lem
885 3356 965 3405 habet
973 3354 1065 3407 suber.
1097 3354 1166 3402 Vide
1177 3354 1250 3405 Pliu.
1259 3368 1317 3404 xrs.
1327 3358 1349 3403 8.
1401 3347 1402 3364 ¹

276 3425 393 3489 Delphin]
418 3428 475 3478 Hoc
491 3431 560 3479 aliud
576 3446 632 3481 esse
642 3432 714 3482 aiunt
724 3433 777 3482 Ne·
849 3436 881 3480 lli
902 3421 1035 3480 Ut'rssnte
1056 3430 1134 3492 setas]
1157 3430 1280 3495 iungunt
1297 3433 1349 3480 hec

245 3500 313 3551 ronis
331 3502 441 3551 Carmen
454 3505 486 3552 de
498 3504 604 3569 Arione,
613 3522 689 3572 quem
701 3508 778 3557 dorso
816 3507 896 3572 aliqui
904 3522 960 3555 cum
970 3504 1225 3571 precedentibus&
1233 3508 1349 3556 tribuunt

245 3577 348 3639 excepit
359 3578 482 3639 Delphin,
500 3588 527 3629 et
538 3581 569 3629 ad
584 3589 685 3644 portum
698 3583 777 3632 vexit.
817 3582 949 3643 monitori,
968 3587 996 3629 ut
1007 3582 1042 3629 sit
1052 3581 1177 3643 expolitio
1191 3582 1286 3643 prioris
1297 3597 1349 3633 son

246 3653 318 3716 Iege
328 3652 515 3703 Herodotuml.
526 3670 546 3704 1.
560 3657 641 3721 Agcu.
651 3670 706 3707 xvi.
718 3673 775 3723 cap.
818 3658 917 3709 tentiae.
950 3654 987 3706 At
1006 3656 1135 3705 doctiores
1153 3659 1305 3721 seiussgunt,
1323 3665 1349 3706 ut

245 3728 344 3778 ultimo.
367 3726 445 3777 Ovio.
468 3729 537 3778 Fast.
560 3744 591 3780 ιι.
613 3733 682 3782 Plin.
700 3747 742 3783 tx.
753 3739 776 3784 8.
818 3736 852 3785 sit
872 3732 957 3783 Persii
975 3733 1007 3781 sd
1029 3734 1181 3781 monitorem
1200 3736 1346 3797 responsio:

246 3804 291 3855 ubl
301 3804 354 3869 agit
362 3802 394 3852 de
403 3804 548 3869 Delphinis,
556 3806 662 3872 ipsoque
670 3806 777 3860 Arione.
816 3809 927 3875 grandes
935 3807 1039 3871 quidem
1050 3815 1077 3856 et
1088 3808 1210 3857 sublimes
1222 3816 1282 3859 sunt
1294 3811 1346 3857 Vir-

277 3884 309 3930 95
327 3878 381 3942 Sic]
398 3878 429 3928 ld
440 3885 490 3942 est,
503 3896 550 3943 per
562 3880 668 3931 similem
679 3884 778 3934 vanita·
818 3885 871 3949 gilii
884 3898 981 3945 versus,
996 3884 1040 3931 sed
1052 3896 1103 3931 nou
1113 3882 1205 3946 induti,
1215 3884 1268 3933 into
1278 3885 1346 3934 dissi-

247 3962 309 4016 leut,
319 3952 518 4020 affectationem,
526 3972 647 4008 errorem.
818 3968 881 4024 pata
890 3974 980 4023 spuma
998 3967 1025 4007 et
1043 3965 1143 4007 tumore
1153 3959 1270 4009 discusso
1281 3962 1345 4009 velot

279 4032 374 4080 Cortum
385 4032 548 4096 mmmmm]
559 4034 643 4084 Unam
651 4034 777 4098 syllabam
818 4034 889 4087 cocti
900 4041 961 4083 sunt
969 4043 997 4085 et
1005 4040 1105 4083 maturo
1108 4034 1210 4098 judicio
1219 4036 1343 4098 perfecti:

247 4104 332 4158 renui
351 4106 456 4159 heroico
467 4115 590 4179 ttnqusru
605 4110 712 4176 longiori
721 4111 780 4168 tuh·
818 4106 914 4163 sindles'
935 4126 1007 4161 rsmo
1027 4112 1120 4176 veteri,
1132 4124 1225 4175 magno
1237 4112 1346 4180 quidem,
