2850 4817
244 344 287 409 to
634 360 682 407 nn
706 359 830 411 ecastr
856 360 957 422 vrrs,

107 576 117 587 ,
242 508 495 573 innumerabiles
507 509 586 585 sint,
596 526 658 572 nec
673 508 716 571 ad
732 514 857 571 certum
871 527 1040 571 numerum
1053 514 1175 573 natura
1188 507 1351 575 astricta.

243 619 477 693 praeceptaque
490 616 524 674 et
537 609 659 691 regulae
673 611 771 694 hujus
785 611 839 673 vel
850 611 941 674 illius
952 610 1067 675 formae
1091 616 1152 675 ant
1174 612 1352 675 imitatori·

242 712 307 775 bus
323 717 381 777 aut
395 712 576 777 lectoribus
589 719 719 777 tanturn
734 714 928 789 scribantur,
953 718 991 776 ut
1014 714 1170 789 habeant,
1187 712 1280 795 quod
1294 732 1351 775 se·

243 820 395 895 quantur,
411 820 470 877 aut
483 814 526 877 nd
542 815 634 897 qnod
658 817 692 878 in
714 814 852 895 legendo
871 814 1053 891 attendunt,
1066 833 1134 879 non
1150 815 1273 897 poetis,
1289 815 1351 897 qni

241 912 344 977 libero
358 935 465 993 cursu,
481 935 547 999 quo
562 918 704 999 impetus
718 921 752 979 et
766 916 876 981 Musae
890 915 1023 993 ducant,
1037 922 1231 999 sequuntur.
1271 916 1349 980 111ae

243 1015 354 1081 satire
369 1022 427 1081 aut
446 1019 599 1101 epistola*
626 1018 670 1082 ad
695 1021 821 1083 amieos
840 1019 955 1083 missae
978 1038 1019 1083 eo
1039 1020 1184 1083 cousilio
1208 1017 1349 1099 scriptae

242 1122 328 1199 sunt,
354 1123 392 1181 ut
415 1120 482 1203 ipsi
508 1107 606 1202 quasi
639 1121 862 1202 inscriptionis
886 1119 1008 1183 honora
1033 1120 1198 1202 amicique
1222 1121 1349 1202 pietate

243 1219 428 1299 gauderent,
444 1222 585 1287 lectores
597 1240 688 1300 vero,
704 1240 847 1303 quorum
861 1222 948 1286 ratio
961 1223 1132 1305 praecipue
1152 1222 1271 1286 habita
1284 1228 1348 1297 est,

240 1320 393 1387 lectionis
407 1322 548 1389 fructum
563 1324 762 1407 colligerent

285 1422 405 1508 Neque
416 1445 528 1490 eonrm
536 1426 650 1509 opinio
662 1425 742 1488 mihi
754 1425 921 1507 probatur,
930 1425 988 1507 qui
998 1424 1179 1508 perhibent,
1190 1422 1346 1488 Persium

240 1543 314 1589 eum
322 1528 580 1593 rerumordinem
591 1528 626 1591 in
637 1530 748 1592 satiris
758 1546 899 1604 servare,
909 1546 1006 1611 quem
1017 1526 1345 1608 dialecticesregnlae

241 1630 467 1711 praescribant.
512 1629 654 1695 Videtur
666 1630 895 1713 potiusiuhac
906 1650 943 1693 rc
954 1629 1176 1713 philosophus
1186 1630 1346 1714 nonsatis

242 1737 419 1795 accuratus
441 1738 476 1795 et
498 1732 640 1809 subtilis,
662 1731 831 1814 simulque
844 1730 948 1814 polita
965 1750 1031 1795 uon
1052 1732 1136 1795 satis
1156 1730 1292 1795 solutus
1307 1748 1346 1793 ac

240 1830 333 1897 liher.
382 1832 620 1916 Unusquisque
630 1834 752 1910 statim,
767 1851 978 1915 quacumque
990 1832 1093 1896 satira
1102 1832 1262 1914 perlecta,
1274 1833 1346 1897 ani-

240 1932 452 1998 madverterit
465 1952 599 1998 necesse
610 1940 672 2011 est,
684 1933 835 2001 Persium
843 1951 909 1997 non
918 1951 984 1996 uno
993 1939 1106 1997 tenore
1116 1939 1344 2014 argumentum

240 2032 442 2114 deterruisse,
468 2036 527 2099 sed
550 2038 585 2098 in
602 2035 741 2117 singulis
753 2036 906 2117 partibus
920 2036 1121 2109 elaborasse,
1136 2043 1235 2117 prout
1247 2054 1343 2118 quae·

241 2156 305 2221 que
330 2136 379 2201 illi
401 2140 435 2201 in
455 2144 596 2201 mentem
610 2139 746 2214 venerit,
763 2156 888 2221 easque
901 2137 1032 2202 curiose
1044 2136 1206 2201 interdurn
1218 2144 1254 2201 et
1268 2137 1344 2201 diti·

240 2244 351 2323 genter
364 2239 412 2303 ita
425 2239 637 2322 expolivisse,
658 2244 695 2302 ut
718 2238 842 2321 ubique
859 2251 1008 2304 umatum
1022 2238 1134 2322 politas
1155 2238 1211 2303 vei
1223 2238 1261 2301 in
1275 2242 1343 2303 sin·

240 2342 326 2425 gulis
351 2343 461 2406 verbis
486 2360 660 2424 agnoscas,
689 2339 805 2405 deinde
833 2360 903 2417 aas,
928 2341 1080 2423 neglecta
1103 2344 1293 2427 anaqam
1309 2342 1341 2403 in

239 2446 456 2508 commissura
485 2442 626 2511 celando
653 2444 805 2519 cernitur,
832 2446 1075 2527 composuisse,
1100 2447 1140 2507 nt
1164 2443 1275 2527 primo
1290 2461 1342 2505 as-

240 2552 340 2629 pectu
365 2548 465 2611 totius
484 2547 594 2630 operis
609 2552 722 2629 partes
736 2550 927 2629 appareant.
970 2545 1052 2622 Qua
1072 2564 1116 2609 ex
1130 2564 1167 2609 re
1188 2544 1340 2625 colligas,

239 2648 438 2735 inventionis
454 2640 793 2730 ubertats'rorumque
808 2647 910 2729 eopia
921 2648 1028 2727 magis
1042 2646 1135 2711 illum
1150 2644 1340 2709 destitutum

239 2750 355 2826 tuisse,
377 2770 477 2832 quarn
500 2769 606 2813 rerum
631 2750 834 2831 singularum
854 2747 1017 2813 tractandi
1042 2753 1122 2824 arte,
1148 2765 1217 2831 qua
1239 2748 1339 2829 prohe

238 2850 419 2915 instructus
434 2852 721 2931 grammaticorum
734 2856 769 2914 et
781 2851 944 2915 rhetorum
958 2850 1092 2914 scholas
1102 2849 1278 2932 reliquisse
1291 2848 1337 2911 vi·

154 2992 157 3001 ,
240 2950 344 3017 detur.
384 2951 539 3017 l’o'etices
563 2970 662 3035 porro
684 2950 772 3014 ratio
794 2952 956 3032 postulat,
981 2958 1018 3014 ut
1040 2970 1103 3028 res,
1129 2969 1213 3033 quas
1231 2957 1337 3015 mente

160 3116 165 3127 ,
238 3059 364 3120 tantum
378 3060 410 3118 ot
422 3054 549 3118 ratione
564 3052 726 3129 videmus,
749 3053 796 3116 ita
818 3057 996 3117 tractentur
1016 3057 1050 3116 et
1068 3058 1288 3135 exponantur,
1302 3058 1337 3116 ut

238 3158 352 3221 omnia
378 3156 549 3221 videantur
573 3158 607 3221 in
630 3174 669 3219 ea
689 3174 763 3219 esse
787 3161 925 3230 memte,
949 3174 1028 3237 qaae
1042 3154 1196 3217 sensibus
1210 3155 1336 3237 percipi

238 3260 380 3341 possint.
426 3258 465 3322 In
481 3279 548 3343 quo
563 3279 678 3343 genere
700 3256 834 3321 Persius
857 3257 901 3320 ab
923 3256 1067 3321 Horatio
1086 3255 1182 3336 longe
1203 3276 1225 3319 a
1249 3241 1335 3339 tergo

237 3358 446 3441 relinquitur:
469 3361 511 3423 ad
526 3382 610 3443 quos
622 3362 708 3425 enim
730 3358 889 3443 scopulos
912 3357 968 3421 ille
989 3363 1108 3423 temere
1128 3358 1333 3441 naufragium

238 3478 331 3542 soepe
345 3460 434 3539 iecit,
460 3481 518 3525 eos
532 3463 679 3545 prudenti
696 3462 840 3526 consilio
853 3461 909 3525 hio
922 3480 1054 3543 semper
1075 3462 1223 3525 evitavit.
1268 3460 1333 3524 Oh

236 3560 317 3625 litus
331 3570 381 3623 est
395 3561 544 3639 Persius,
558 3582 615 3627 eas
631 3562 853 3647 philosophiae
867 3569 991 3646 parteS,
1007 3582 1085 3645 quae
1100 3563 1134 3625 in
1149 3564 1247 3625 rehus
1260 3582 1333 3627 con·

237 3663 436 3745 templandis
460 3664 581 3745 positae
597 3672 683 3741 sunt,
707 3684 816 3747 eaque
840 3666 1009 3749 principia
1022 3665 1201 3743 recondita,
1215 3665 1332 3748 quibus

234 3784 363 3829 morum
375 3764 553 3848 disciplina
564 3766 687 3842 nititur,
694 3766 759 3829 iron
768 3786 840 3829 esse
848 3788 901 3831 res
914 3768 1014 3849 vulgi,
1024 3768 1238 3851 ineptumque
1247 3786 1327 3843 esse,

233 3866 475 3933 multitudinem
497 3868 610 3930 hnr'um
624 3886 730 3931 rerum
740 3867 893 3952 judicem
908 3870 1117 3945 constituere,
1140 3888 1253 3933 coram
1267 3888 1327 3953 quo

234 3969 424 4053 philosophi
438 3990 573 4034 causam
588 3988 682 4033 suam
697 3975 809 4052 agant.
853 3970 986 4035 Etenim
1011 3973 1047 4034 in
1073 3969 1265 4055 hujusmodi
1280 3973 1329 4055 ju·

236 4070 326 4136 dicio
340 4074 472 4137 thcilius
488 4092 572 4150 csse,
594 4074 667 4137 illas
681 4092 733 4137 res
746 4074 779 4136 in
793 4073 896 4136 risum
909 4079 944 4137 et
957 4074 1072 4157 jocum
1085 4080 1219 4149 vertere,
1234 4090 1328 4154 quan
1402 4072 1406 4078 ’

234 4172 326 4256 gravi
352 4174 573 4259 disputatione
596 4196 735 4246 causam
758 4176 914 4258 obtinere,
941 4174 1105 4241 Horatius
1127 4192 1193 4239 non
1214 4176 1327 4242 unuin
