2850 4817
228 322 273 389 lt
423 408 426 420 .
603 340 650 387 ns
673 338 799 387 sensu
823 338 927 400 vrrs,

228 488 393 553 scribendi
408 504 509 570 genus
523 485 665 563 laborat,
675 484 877 565 ambiguitas
887 488 922 547 et
933 484 1136 561 obscuritas,
1148 483 1347 567 quaeetia'm

228 596 329 655 aucta
342 594 393 654 cst
407 589 579 651 brevitatis
605 588 728 664 studio,
749 589 805 651 cui
828 608 873 651 ex
897 587 1012 651 Stoica
1024 586 1141 650 forsan
1154 588 1348 672 disciplina

226 695 362 759 nimium
387 692 545 769 assuevit,
560 696 592 755 et
607 693 841 755 sententiarum
867 690 1016 773 argutiis,
1032 693 1158 775 quibus
1178 698 1259 755 tunc
1286 694 1348 755 bo·

227 797 331 860 mines
352 794 608 857 delectabantur.
657 792 793 871 Verum,
815 812 857 857 ne
878 794 1010 875 gravius
1031 814 1132 876 aequo
1154 795 1198 857 de
1222 795 1349 858 Persio

227 916 475 983 conquerrunur,
491 896 554 959 boc
569 897 680 979 ntique
694 895 867 959 tenendum
889 901 951 972 est,
974 898 1121 960 obscura
1133 916 1197 959 nos
1218 898 1346 975 dicere,

183 1054 186 1061 ,
227 1016 302 1082 quae
318 1018 338 1061 a
352 999 450 1061 nobis
463 1018 528 1061 non
542 998 793 1081 perspiciantur,
806 997 965 1080 justoque
979 998 1143 1075 breviora,
1161 1018 1243 1081 quae
1258 1020 1344 1077 rem,

226 1118 313 1164 nuuc
329 1100 463 1185 quidem
487 1102 646 1183 ignotam,
672 1098 857 1181 significent
880 1106 1017 1176 tantum,
1039 1120 1105 1163 non
1130 1102 1344 1185 exprimant,

225 1208 369 1267 uestrmn
384 1222 489 1267 rerum
504 1203 739 1283 coguitionem,
753 1207 901 1265 nostrum
923 1204 1083 1265 sermonis
1107 1202 1223 1266 Latini
1239 1224 1340 1266 nsum

225 1306 451 1389 respicientes.
496 1304 584 1383 Quis
604 1311 715 1369 autem
728 1324 795 1367 non
808 1304 969 1386 intelligit,
983 1324 1060 1386 quae
1084 1324 1171 1367 nunc
1192 1306 1341 1378 obsum

226 1426 394 1485 vocamus,
422 1408 601 1491 perspicua
632 1407 821 1490 aequalibus
851 1424 928 1469 esse
956 1407 1117 1489 potuisse,
1141 1426 1222 1489 quae
1251 1426 1342 1472 nme

225 1508 307 1573 dura
320 1510 480 1587 videntur,
490 1530 533 1573 ex
545 1514 640 1592 parte
653 1514 730 1573 tuuc
744 1529 807 1572 usu
819 1508 925 1571 fuisse
938 1508 1087 1571 mollitat
1108 1502 1214 1572 etiam
1228 1512 1341 1575 breri-

225 1612 303 1677 tatis
318 1612 474 1689 studium,
491 1612 580 1696 quod
595 1611 732 1674 nimium
745 1629 818 1673 esse
836 1610 1038 1692 judicamus,
1054 1616 1113 1673 aut
1133 1612 1266 1678 nullum
1281 1621 1340 1677 aut

224 1715 391 1779 modicum
406 1717 449 1777 iis
463 1713 567 1776 videri
582 1713 703 1795 potuit,
721 1713 841 1793 quibus
856 1712 1009 1795 resipere
1024 1718 1092 1775 tam
1105 1718 1198 1777 uotae
1212 1723 1337 1791 essent,

225 1822 260 1879 ut
275 1835 340 1879 uno
355 1816 454 1878 verbo
471 1812 601 1877 abunde
624 1814 666 1877 ad
689 1812 890 1876 intellectum
910 1812 1142 1879 iudicarentur.
1188 1813 1295 1892 Quod
1308 1816 1338 1878 si

224 1919 310 1980 enim
326 1922 394 1981 tam
414 1918 575 1983 obscurus
600 1916 788 1999 aequalibus
811 1916 903 1978 visus
925 1914 1055 1993 suisset,
1071 1935 1171 1998 quam
1196 1918 1337 2000 quibus-

225 2018 301 2081 dam
323 2038 367 2082 ex
389 2018 638 2093 recentioribus,
663 2020 718 2099 qui
742 2018 908 2099 potuisset
930 2036 1101 2080 censuram
1130 2016 1334 2096 Quintiliani

224 2118 374 2201 effugere,
396 2118 453 2201 qui
477 2118 745 2199 perspicuitatem
771 2137 835 2182 uon
864 2118 973 2181 solum
995 2118 1027 2179 in
1051 2126 1195 2197 oratore,
1219 2140 1333 2185 verum

225 2220 325 2283 ctiam
350 2220 384 2283 iu
400 2218 502 2301 poeta
515 2219 672 2300 requirit‘t
706 2216 832 2302 Atque,
856 2221 884 2283 si
910 2220 1063 2283 volumus
1086 2240 1200 2283 ererum
1224 2223 1332 2301 futen,

222 2322 300 2387 loca
314 2340 409 2404 eeqne
424 2322 570 2385 obscura
591 2322 625 2385 in
640 2322 817 2410 quibusvis
832 2322 1021 2385 auctoribus
1035 2323 1331 2405 deprehenduntur,

224 2422 472 2507 difficiliorequc
497 2422 626 2507 passim
659 2424 839 2506 aenigmata
862 2424 961 2487 nobis
987 2426 1146 2490 solvenda
1177 2426 1329 2503 fluissent,

223 2527 286 2589 nisi
298 2544 340 2591 ea
353 2530 499 2591 vetemur
520 2527 805 2608 grammaticorum
819 2524 992 2607 diligentia
1004 2534 1214 2609 occupasset,
1232 2537 1331 2613 atque

224 2628 393 2710 explicata
412 2630 509 2693 nobis
534 2629 735 2693 tradidisset.
780 2626 904 2691 Verum
918 2628 1004 2691 enim
1024 2647 1102 2691 vero
1116 2648 1226 2713 prope
1239 2632 1329 2697 dixe·

224 2731 297 2806 rim,
320 2730 478 2795 ridiculos
501 2748 559 2793 eos
583 2750 668 2807 esse,
690 2732 748 2814 qni
770 2728 921 2793 Persium
944 2730 1139 2793 obscuritati
1164 2732 1329 2799 studuisse

224 2829 426 2914 perhibeant,
451 2834 487 2894 ut
510 2829 695 2894 delatorum
716 2830 901 2913 periculum
922 2830 1090 2912 effugeret,
1112 2838 1170 2896 aut
1185 2834 1328 2899 Neronis

223 2932 305 2995 iram
316 2932 463 2998 evitaret.
508 2931 615 3010 Quasi
638 2933 713 2995 istis
740 2932 945 3016 temporibus
965 2934 1019 2997 vel
1033 2934 1205 3000 levissima
1221 2940 1326 3023 suspi-

225 3034 279 3099 cio
298 3054 363 3099 non
378 3036 446 3099 vim
460 3034 568 3120 ipsius
591 3032 704 3097 delicti
726 3033 888 3111 habuerit,
913 3038 982 3098 aut.
995 3034 1132 3099 Persius
1156 3040 1325 3104 arbitratus
1405 3043 1406 3046 ’

224 3136 278 3213 sit,
293 3136 460 3203 Neronem
482 3136 515 3201 id
537 3154 602 3201 nen
627 3154 701 3199 esse
725 3136 977 3214 intellecturum,
1001 3138 1090 3221 quod
1112 3139 1155 3201 ab
1175 3142 1325 3206 omnibus

224 3238 361 3320 reliquis
381 3241 517 3323 intelligi
543 3244 681 3323 optaret.
728 3236 815 3303 Mihi
834 3239 967 3321 qrridem
987 3240 1164 3304 verisimile
1187 3242 1323 3320 videtur,

224 3338 375 3403 Persium
392 3343 433 3404 dc
448 3340 586 3405 edendis
600 3342 711 3405 satiris
726 3348 806 3417 tum,
822 3360 899 3404 cum
921 3358 979 3404 cas
1003 3342 1170 3418 scriberet,
1183 3362 1227 3405 ne
1241 3347 1324 3429 cogi-

223 3446 315 3505 tasse
329 3442 475 3522 quidem,
491 3462 606 3505 verum
629 3444 664 3505 in
689 3443 799 3532 animo
816 3440 985 3519 babuisse,
1010 3442 1323 3529 aequiora‘tempora

224 3550 412 3624 expectare,
426 3550 461 3607 ut
475 3542 657 3622 luvenalis,
673 3551 709 3607 ut
720 3544 794 3626 ipse
808 3542 946 3607 Tacitus
960 3543 1051 3620 fecit,
1063 3543 1122 3608 sed
1136 3552 1241 3611 morte
1254 3547 1322 3632 ejus

223 3648 422 3731 praematura
451 3644 533 3706 illud
557 3664 641 3726 opus
664 3644 892 3727 imperfectum
921 3647 956 3708 in
994 3647 1178 3709 amicorum
1211 3668 1321 3713 manus

223 3748 364 3824 venisse,
379 3752 415 3811 ut
431 3746 503 3829 ipse
526 3746 607 3808 vitae
623 3752 751 3823 auctor,
767 3748 921 3830 quisquis
936 3749 991 3811 ille
1009 3748 1141 3812 tandem
1156 3750 1213 3825 sit,
1228 3754 1320 3816 testa·

223 3856 287 3915 tur.
333 3846 422 3927 Quid
439 3847 472 3911 hi
486 3847 683 3911 resecuerint
694 3848 748 3910 vel
757 3848 1000 3914 immutaverint
1009 3851 1062 3913 vel
1077 3850 1319 3931 castigaverint,

224 3956 282 4015 aut
295 3948 429 4034 quando
451 3934 570 4013 satiras
586 3948 660 4011 illas
674 3949 889 4031 vulgaverint,
909 3951 978 4034 ipsi
1000 3952 1078 4019 vitae
1093 3954 1220 4016 auctori
1234 3956 1319 4035 igne

223 4057 294 4116 tum
318 4052 424 4117 fuisse
454 4052 591 4115 videtur.
637 4048 738 4129 Quod
766 4052 854 4114 enim
890 4052 985 4131 dicit,
1014 4052 1195 4118 Cornutum
1225 4074 1318 4119 unum

227 4170 356 4217 versum
383 4155 415 4217 in
444 4154 551 4237 prima
580 4156 682 4221 satira
709 4158 871 4233 mutasse,
897 4175 939 4220 ne
960 4174 1036 4220 enm
1057 4155 1164 4220 adse
1187 4157 1317 4223 uanae
