2850 4817
233 256 320 337 hoo
575 278 770 333 necessus
793 271 1009 334 nnrrtorsmr

232 438 264 489 et
279 426 401 506 jejunis,
426 426 620 507 (familiarem
643 426 878 506 explanationem
902 438 999 499 vocnt,
1022 447 1073 487 sen
1088 426 1249 506 saniliare
1267 446 1351 490 oon·

232 528 371 597 mentum)
393 524 537 584 instruxit.
580 524 729 603 Inscripsit
752 526 869 585 Comm.
884 546 969 585 suum
993 525 1023 583 in
1043 525 1216 585 iuvenalem
1239 527 1350 584 ‘Hen-

232 623 295 682 rico
319 620 495 699 Valuphino‚
519 622 621 681 artium
645 623 788 682 bonarum
809 622 970 683 Professori
990 634 1020 683 et
1042 621 1238 681 disertissimo
1259 622 1348 700 apud

232 717 443 797 Lugdunenses
456 719 665 789 Grammatico,
688 738 744 779 nec
761 740 820 779 non
834 722 874 780 D.
889 719 1000 779 Nicesii
1014 718 1187 778 canonico!
1228 718 1350 777 Hanni-

216 814 297 885 ¹nius
321 814 404 886 dicit,
426 836 493 875 eum
515 817 542 874 in
562 816 785 876 Commentariis
808 817 868 875 suis
888 814 1020 874 infimum
1041 814 1116 874 trivii
1139 814 1292 891 puiverenr
1312 824 1350 873 et

230 912 410 991 expirantem
426 913 589 973 barbariem
605 913 692 984 olere,
715 932 816 973 verum
833 912 903 993 quia
923 911 1049 971 subinde
1069 910 1204 970 iectionis
1219 911 1352 971 maista-

231 1018 302 1079 tem,
317 1018 357 1081 et,
373 1010 505 1088 quamvis
520 1010 673 1082 rarissime,
689 1009 765 1070 forte
775 1010 894 1069 fortuna
904 1019 1031 1069 mentem
1041 1008 1191 1068 luvenalis
1204 1007 1350 1086 quando·

230 1120 291 1183 que
315 1106 549 1185 deprehenderit,
572 1106 751 1186 excerpendi
779 1108 901 1168 taedium
924 1127 943 1165 a
968 1126 1000 1166 se
1023 1105 1197 1165 devoratum
1222 1124 1349 1164 esse.-

231 1201 368 1263 Ceterum
397 1222 485 1262 merae
520 1220 617 1281 paene-
632 1203 821 1281 repetitiones
849 1204 938 1279 hujus
964 1201 1036 1261 edit.
1065 1210 1134 1261 sunt
1160 1204 1348 1279 posteriores

232 1300 417 1359 Ascensianae
444 1298 539 1377 Lugd.
566 1306 652 1359 1501.
681 1304 768 1366 1507.
796 1306 884 1357 1511.
909 1306 996 1358 1512.
1025 1306 1112 1358 1515.
1135 1298 1225 1357 Paris.
1251 1306 1346 1359 1505.

236 1400 484 1465 1512.e11519.
526 1394 722 1455 Ascensiauas
746 1402 845 1453 autem
869 1414 927 1453 non
950 1414 1002 1453 eas
1025 1402 1141 1453 tantum
1165 1394 1248 1466 dico,
1273 1414 1346 1473 quae

232 1494 369 1555 Ascensii
391 1495 471 1571 prelo
487 1494 601 1552 Parisiis
615 1512 734 1552 excusae
749 1502 828 1563 sunt,
854 1492 1008 1552 sedetiam
1031 1513 1096 1570 quae
1111 1491 1176 1569 ejus
1195 1492 1346 1554 familiare

108 1636 114 1643 .
192 1640 193 1643 ,
233 1602 428 1651 commentum
449 1589 605 1647 exhibent:
627 1607 696 1648 num
717 1590 830 1649 nulium
853 1589 914 1649 fere
937 1590 1012 1648 inter
1031 1609 1080 1647 eas
1103 1588 1264 1651 intercedit
1283 1590 1346 1651 dis-

233 1686 351 1755 crimen,
372 1685 432 1743 sive
446 1692 596 1743 externam
617 1693 735 1763 spectes
750 1684 879 1744 indolem
900 1686 960 1745 sive
973 1686 1127 1746 internam.
1169 1686 1221 1747 Cf.
1234 1687 1289 1747 inf.
1302 1689 1345 1747 ad

233 1784 357 1841 Ascens.
374 1796 427 1839 111.
443 1780 533 1844 Paris.
551 1788 638 1843 1505.

273 1876 512 1949 mantissam
527 1878 660 1939 Meraioe
671 1886 700 1938 et
713 1879 842 1939 otiorum
854 1881 945 1951 notio,
960 1878 1171 1939 Parisiis-foi.
1189 1887 1281 1950 1498.

273 1973 376 2051 Hujus
390 1973 461 2033 edit.
476 1974 587 2033 mentio
600 1973 634 2033 fit
648 1975 678 2032 in
693 1975 809 2033 Fabric.
825 1976 860 2034 B.
875 1976 910 2035 L.
924 1976 963 2034 Τ.
979 1992 1019 2035 11.
1034 1996 1070 2055 p.-
1080 1982 1150 2045 559.

273 2069 438 2141 decenniis,
453 2070 578 2148 adjectis
594 2070 719 2130 Horatii
734 2072 892 2150 Epistoiis,
909 2072 1018 2150 lipsiae
1035 2081 1121 2142 1498.

275 2167 321 2226 lta
336 2166 460 2226 Hennin.
476 2165 504 2223 in
521 2166 583 2225 ind.
599 2166 692 2226 Editt.
708 2166 803 2244 quiet
823 2167 1011 2226 brevissimus
1024 2176 1080 2238 est,
1098 2172 1179 2243 (nam
1193 2168 1267 2227 nihii
1281 2168 1345 2229 fere

234 2272 341 2342 praeter
353 2271 453 2321 notam
468 2261 526 2320 loci
540 2273 570 2320 et
583 2261 660 2331 autri,
681 2280 847 2341 nomenque
862 2264 1112 2333 commentatoris,
1127 2282 1344 2345 nonnunquam

233 2371 263 2419 et
277 2358 465 2438 typographi,
488 2356 630 2431 continet)
652 2367 683 2417 et
697 2376 800 2435 parum
814 2366 986 2427 accuratus:
1010 2359 1089 2437 quod
1105 2359 1169 2438 ipse
1183 2362 1232 2421 his
1244 2364 1344 2423 verbis

232 2456 404 2537 profitetur:
428 2454 599 2515 ‘Balbutire
613 2454 683 2523 mihi
693 2454 723 2513 in
737 2454 818 2514 hisce
829 2455 933 2514 licebit
945 2475 1014 2515 cum
1025 2456 1208 2536 Bibliopolis.
1242 2462 1342 2521 Cris·

233 2558 263 2618 in
278 2557 431 2635 plerasque
446 2554 597 2613 Editiones
617 2552 762 2613 adornare
783 2553 891 2611 tulerat
908 2553 1038 2624 animun
1061 2554 1113 2613 sed
1128 2573 1184 2614 uec
1205 2558 1258 2616 otii
1273 2558 1341 2629 mei,

216 2672 289 2731 ¹neo
314 2649 486 2717 festinantis⁴
500 2650 675 2728 Bibliopolas
702 2650 828 2711 rationes
853 2648 933 2710 iiiam
958 2649 1160 2711 admiserunt:
1188 2653 1341 2732 rejicimus

232 2748 333 2826 itaque
347 2744 425 2805 iilam
439 2744 467 2803 in
481 2743 562 2803 aliud
577 2749 711 2823 tempus!

744 2851 831 2915 1499.

158 2960 161 2965 ·
274 2942 387 3001 Veneta
405 2952 494 2997 xvrr.
515 2935 668 2997 Jaoenoiie
687 2956 753 2997 cam
771 2958 870 3000 comos.
892 2940 943 3002 Jo.
958 2937 1148 3015 Britannici,
1167 2940 1345 3007 Venetiis-¹

231 3038 284 3100 iol.
302 3046 388 3111 1499.
440 3075 443 3081 -

273 3136 341 3194 Hoc
355 3136 423 3195 ioco
436 3144 467 3195 et
488 3154 565 3195 anno
590 3134 716 3212 primum
744 3134 981 3195 Commentarius
1001 3134 1051 3195 ilie
1070 3134 1100 3194 in
1120 3135 1217 3193 lucem
1231 3132 1339 3194 exiisse

232 3241 362 3309 putatur.
387 3232 447 3292 vid.
468 3252 534 3311 sup.
555 3231 594 3292 ad
615 3232 663 3293 ed.
686 3232 768 3292 Bria.
782 3248 822 3291 11.
843 3252 871 3292 a.
896 3230 984 3293 1486.
1025 3230 1076 3291 Jo.
1098 3232 1339 3291 Britaniensis.

233 3330 373 3409 Angelus,
388 3330 429 3389 ita
443 3330 541 3389 dictus
555 3350 573 3388 a
587 3330 758 3407 maj0ribus,
772 3350 809 3387 ex
825 3328 976 3389 Britannia
989 3328 1132 3398 oriundis,
1146 3337 1234 3387 natus
1247 3336 1295 3387 est
1308 3327 1338 3385 in

233 3428 309 3499 vico,
326 3426 377 3505 qui
390 3446 464 3486 nurrc
479 3427 657 3485 Paiaazuolo
670 3424 789 3496 dicitur,
808 3444 865 3485 neo
878 3426 964 3504 longe
977 3428 1062 3485 abest
1075 3444 1093 3484 n
1107 3424 1216 3494 Brixia,
1231 3424 1262 3485 in
1277 3444 1339 3502 quo

226 3523 347 3603 oppido
362 3522 495 3583 liberales
508 3523 555 3581 iile
577 3532 653 3581 artes
678 3521 802 3599 publice
822 3522 934 3594 docuit,
954 3532 983 3581 et
995 3541 1023 3581 a.
1042 3528 1120 3581 1510
1133 3530 1269 3580 mortuus
1281 3530 1338 3580 est.

234 3620 287 3681 Vir
299 3620 393 3679 ostatis
407 3639 466 3679 sure
481 3618 670 3678 doctissimus
683 3618 750 3687 fuit,
772 3618 832 3697 qui,
858 3629 966 3697 practer
985 3619 1050 3687 aliu,
1064 3617 1293 3683 commentarios
1307 3618 1336 3675 in

208 3716 397 3787 ··Horatium,
426 3718 607 3787 iuvenalem,
637 3716 775 3790 Persium,
802 3716 985 3785 Terentium,
1012 3716 1149 3785 Statium,
1178 3723 1209 3771 et
1236 3713 1336 3773 Ovidii

233 3814 490 3894 Metamorphoses
513 3812 638 3889 scripsit,
665 3832 700 3872 ac
720 3814 859 3892 princeps
883 3822 929 3873 est
950 3812 1090 3881 omnium,
1113 3810 1164 3888 qni
1188 3808 1336 3869 adJJuve·

234 3912 328 3973 naiem
352 3910 599 3991 interpretandum
624 3920 654 3969 et
674 3918 752 3981 ante,
772 3921 803 3969 et
823 3920 892 3988 post
911 3930 976 3969 eum
999 3926 1169 3968 accessere:
1193 3924 1261 3964 nam
1277 3925 1335 3967 non

234 4009 323 4069 modo
337 4010 403 4070 loca
423 4008 591 4070 obscuriora
613 4008 687 4067 notis
703 4007 807 4078 doctis,
829 4005 1035 4085 grammaticis,
1049 4001 1230 4080 antiquariis,
1245 4001 1335 4063 histo·

234 4104 311 4178 risis,
325 4106 535 4187 geographicis,
550 4104 767 4186 mythologicis,
782 4104 898 4178 criticis,
913 4103 1058 4165 illustrare
1072 4108 1197 4161 conatus
1210 4106 1268 4169 est,
1283 4098 1333 4157 ssd
