2850 4817
525 352 664 417 ascias
688 362 724 413 v.
1119 346 1186 415 itt

30 506 185 592 Atque
200 505 392 573 verecunda
404 505 557 572 luamus
572 508 659 573 scrin
672 524 797 573 mensa.

28 606 147 675 Non
164 608 328 693 equidem
341 608 404 671 hoe
420 607 561 686 dubites,
577 610 748 673 amborum
761 608 886 673 soedere
898 613 989 673 certo
1138 606 1184 672 46

34 709 269 775 Consentire
284 710 367 789 dieu,
381 714 413 773 ct
428 711 471 775 ab
488 730 556 775 uno
572 710 679 775 sidere
693 710 782 775 duci.

37 812 202 877 Nostra
217 814 273 879 vel
287 813 410 897 aequali
423 800 596 897 suspendit
610 820 761 898 tempora
776 813 882 879 Libra

40 1043 167 1097 dubiam
177 1045 214 1095 ait
226 1050 339 1094 nostram
350 1044 470 1094 nubemus
487 1044 561 1093 sitm
571 1049 662 1094 status
671 1045 784 1095 sociem
800 1046 931 1108 cmm,
948 1050 972 1095 el
989 1044 1042 1108 regi
1058 1044 1087 1095 ab
1102 1046 1183 1097 cadesa

40 1114 136 1161 ostro.
176 1110 249 1159 Nam
259 1114 302 1159 sat
314 1110 393 1159 Porco
405 1109 513 1159 undulis
523 1108 628 1159 siliacus
638 1115 732 1159 austros
741 1110 873 1160 dissilire
883 1112 971 1174 apauli
980 1112 1061 1161 hacc:
1076 1112 1112 1161 sal
1122 1112 1181 1161 bora

538 1238 717 1259 comunem

47 1352 98 1387 av.
120 1341 183 1388 184.
201 1338 409 1401 Koeaigias..—‹ld
426 1337 468 1388 ita
482 1352 569 1387 omues
580 1298 756 1401 corticosum
766 1336 897 1387 emutire
906 1338 970 1402 deca,
981 1337 1050 1403 qued
1066 1335 1180 1389 afferunt

573 1474 680 1528 NOTAE

91 1576 129 1623 44
152 1572 292 1623 Verecunda
308 1574 416 1623 laem
432 1572 495 1627 acrio
512 1570 604 1636 mac]
645 1574 697 1623 tale
719 1589 806 1624 comes
832 1575 878 1639 qui
900 1577 1031 1638 temperat
1048 1570 1179 1623 sistrum!

52 1649 172 1699 Graves
199 1649 394 1713 occupationes,
428 1656 456 1700 et
484 1650 603 1701 diurnam
643 1655 682 1704 Ut
702 1668 792 1703 senam
812 1652 898 1704 Persii
919 1654 965 1714 sit,
984 1652 1178 1703 consentientes

54 1725 149 1775 studii
160 1731 189 1775 et
199 1726 278 1775 animi
295 1727 488 1777 contentionem
505 1729 603 1777 rclass·
645 1729 744 1779 Genios
779 1736 883 1780 uestros
915 1734 1021 1779 constat
1053 1742 1179 1783 stammam

55 1816 122 1851 nans
143 1803 215 1852 iuter
234 1803 387 1853 cenandum
404 1818 434 1853 sc
450 1804 603 1855 remittimus
642 1804 709 1855 banc
721 1805 848 1855 internos
867 1805 1005 1856 amicitiem
1024 1811 1052 1855 et
1071 1818 1178 1855 eonsen-

57 1878 200 1929 taotillum
218 1880 287 1944 jocis
314 1894 345 1929 ae
366 1878 462 1929 salibus
485 1881 602 1930 innoxiis.
642 1881 740 1930 sionem
751 1883 893 1947 peperisse.
908 1897 910 1902 ·
926 1881 1177 1932 Aliitsruenomnea

58 1956 185 2019 Asellius
208 1968 271 2005 xm.
293 1960 332 2005 11.
357 1955 601 2018 alt‚⁴cons·ivsrum
641 1956 742 2021 legunt,
760 1959 892 2007 mutire
911 1958 972 2019 dira,
993 1956 1090 2018 idest,
1110 1964 1177 2006 tem·

59 2048 200 2083 sermones
221 2034 317 2083 debere
337 2048 394 2084 esse
412 2034 553 2097 jucundos,
573 2042 601 2085 et
640 2048 712 2099 pora,
730 2035 893 2097 nativitates,
912 2033 981 2085 unde
1000 2048 1051 2083 non
1071 2034 1175 2098 mirum,

59 2126 127 2163 cnm
145 2111 270 2161 illecebra
288 2110 399 2176 quadam
419 2116 446 2160 ct
462 2112 599 2175 veluptate
640 2124 687 2159 nos
698 2112 748 2160 sub
759 2112 851 2162 cadem
860 2110 1057 2161 constellatione
1068 2110 1179 2174 genitos,

60 2187 153 2251 utilas,
172 2201 205 2235 ex
225 2186 316 2251 quibus
334 2186 465 2251 ingenium
482 2194 598 2237 nostrum
640 2185 674 2235 ab
692 2186 784 2237 iisdem
805 2188 919 2237 siderum
937 2184 1087 2252 aspectibus
1097 2200 1175 2251 pares

60 2265 203 2315 venustius
223 2263 271 2313 liat
292 2270 320 2315 et
342 2264 476 2314 amonius.
521 2264 598 2317 Quod
639 2262 737 2313 babere
746 2264 902 2327 etaccipere
911 2262 1071 2314 affectiones.
1090 2266 1177 2315 Notat

63 2339 190 2408 prolecto
200 2340 341 2403 eveniegai
351 2341 385 2391 de
396 2340 423 2389 id
434 2352 514 2404 genna
523 2340 600 2390 rebus
640 2338 807 2390 Casaubonus
819 2340 956 2401 Hebraeos,
968 2340 1071 2405 qnando
1087 2354 1175 2405 quesn·

62 2418 101 2469 ad
114 2431 274 2467 communem
292 2417 352 2467 rite
364 2430 437 2467 usunr
448 2416 599 2480 pertinenti·
640 2414 708 2477 piare
721 2414 800 2465 alteri
818 2415 929 2465 amicum
945 2415 1062 2464 indicere
1075 2416 1174 2479 solunt,

65 2498 116 2546 bus
128 2493 329 2558 confabulemur,
346 2494 379 2543 de
398 2494 491 2559 quibua
501 2493 528 2541 in
541 2491 598 2543 loro
639 2490 730 2541 solitos
741 2490 841 2553 dicere,
858 2490 927 2539 lilirss
938 2497 978 2540 est
990 2489 1072 2540 stellae
1084 2490 1173 2554 ipsios.

67 2578 149 2639 atque
166 2572 193 2621 iu
209 2570 319 2636 negotiis
338 2570 445 2635 agendis
456 2570 529 2635 loqui
546 2585 598 2620 neu
639 2566 708 2616 Vide
724 2565 800 2631 infra,
819 2566 853 2615 ad
872 2581 904 2615 ea
919 2568 1010 2629 verbs,
1024 2567 1102 2616 mio
1111 2569 1174 2630 qaas

68 2656 112 2699 est
121 2648 214 2697 otium!
247 2645 313 2695 Vide
322 2645 599 2710 AtbeneiDeipnoso·
638 2649 809 2709 certemus.

67 2724 181 2790 pbistsss
197 2722 446 2773 etbia'erob.vit.l.
670 2721 929 2787 Absasaidercdaci]
962 2724 1091 2775 Natalitio
1106 2724 1174 2775 seili-

102 2804 133 2849 ⁴5
160 2800 214 2849 Nea
234 2800 340 2863 mdes·
362 2798 405 2847 buc
423 2798 524 2859 daliter,
544 2799 597 2863 ee]
637 2800 887 2865 eetetberoscopo:
900 2800 1173 2865 aiseilindsitlibrs,

69 2877 208 2929 consensio
222 2882 311 2926 nostra
330 2890 380 2925 nen
396 2876 462 2925 leuis
480 2883 526 2926 aut
543 2875 595 2926 fer·
636 2873 692 2924 aive
707 2874 822 2928 Gemini.
855 2878 950 2927 Horat.
967 2880 984 2927 Ι.
1004 2892 1036 2928 11.
1057 2878 1109 2929 Od.
1130 2883 1171 2931 1⁷.

69 2953 146 3017 tulta,
165 2953 237 3003 imme
253 2966 285 3002 es
301 2960 343 3001 eat
360 2966 418 3017 que
434 2952 594 3003 naturalibus
635 2950 799 3018 ‘Utrumque
810 2959 925 3003 nostrum
938 2954 1087 3005 incredibili
1094 2956 1172 3007 modo

69 3029 151 3082 camis
169 3030 333 3094 preductset
352 3026 465 3080 conflata
481 3028 593 3081 dubitari
635 3027 774 3079 Cemotit
785 3031 898 3080 astrum)

71 3106 217 3170 nonpossit.
669 3108 702 3153 47
719 3106 811 3154 Neam
827 3108 865 3156 ecl
880 3106 975 3170 equali,
990 3106 1043 3171 ba]
1074 3106 1170 3171 idest,

103 3182 234 3245 laem]
266 3181 322 3233 Mei
335 3181 435 3247 tuique,
448 3182 534 3239 Persii
544 3182 595 3233 dis·
635 3180 678 3229 rel
694 3178 779 3229 fatum
798 3182 913 3245 equavit
931 3190 1020 3232 nostra
1035 3188 1169 3247 tempora3

72 3260 158 3324 cipuli,
168 3266 194 3309 ct
202 3259 309 3309 Cornuti
317 3258 496 3323 preceptor-is.
635 3254 678 3305 vei
705 3256 807 3306 eaedem
834 3258 1044 3307 comtellstienes
1072 3264 1169 3310 autre

106 3334 281 3398 Fedrrceerto]
316 3336 375 3385 Non
394 3334 475 3384 otiose
495 3334 595 3385 becalt
634 3331 769 3382 amborum
786 3331 847 3383 site
866 3334 1046 3397 presidentes,
1064 3334 1168 3387 easdem

72 3411 181 3473 Persius,
193 3408 454 3477 (inquitidarcilius,)
471 3424 532 3459 uam
548 3412 593 3475 qul
635 3406 660 3457 in
683 3406 757 3458 uobis
779 3406 940 3472 mersiones,
960 3410 1050 3461 eedem
1070 3410 1168 3476 studia,

74 3486 121 3538 sub
132 3487 236 3551 piscibus
255 3492 405 3548 moetus,
423 3486 524 3537 nonita
539 3501 594 3536 eer-
633 3496 759 3533 summam
767 3484 908 3534 animorum
919 3486 1129 3550 conjunctionem
1139 3496 1168 3539 et

75 3574 129 3617 tum
138 3563 213 3614 lodus
226 3564 295 3614 iuter
311 3578 340 3613 se
352 3563 448 3613 babere
466 3564 593 3613 estiman-
634 3560 828 3611 consensionem
838 3562 951 3625 pariunt.

76 3650 125 3693 tur.
146 3640 214 3689 Unde
230 3640 324 3689 Manli.
342 3638 359 3689 i.
377 3652 409 3693 ιι.
425 3638 482 3690 ‘At
501 3640 592 3705 quibus
665 3639 754 3703 Libro]
786 3639 863 3691 bibra
873 3640 1005 3706 aequitatis
1022 3641 1166 3706 symbolum

74 3719 101 3769 in
119 3716 194 3765 lumen
209 3716 293 3780 pisces
310 3716 473 3766 uenientibus
489 3716 592 3783 adsunt,
633 3722 675 3767 est
691 3730 723 3767 ac
736 3716 857 3781 justitie.
891 3718 940 3768 Est
950 3724 978 3767 et
995 3717 1103 3768 zodiaci
1114 3718 1167 3783 sig·

77 3796 124 3848 His
136 3808 240 3845 senune
250 3800 339 3844 manet
349 3808 453 3857 semper
464 3796 592 3847 sententia
632 3806 703 3857 unm,
718 3794 787 3858 qued
804 3794 844 3844 sol
863 3806 999 3857 eggremm
1017 3793 1085 3843 circs
1095 3792 1166 3844 diem

77 3870 157 3931 cordi3
171 3870 440 3921 Commutantanlmos
452 3870 592 3936 interdum,
633 3868 795 3932 Septembris
815 3870 962 3919 vicesimam
980 3869 1166 3933 equinoctio!

76 3953 105 3998 et
113 3944 199 3996 leden
206 3951 338 4008 rumpunt,
348 3944 389 3995 Ae
400 3944 540 4008 repetunt!
633 3944 863 3997 incitantumuale.
895 3944 992 3997 Horat.
1011 3945 1058 3996 cit.
1078 3944 1165 3999 libri.

77 4042 82 4051 ·
107 4027 136 4074 lb
152 4022 279 4071 domim
300 4020 362 4084 dica]
384 4040 388 4057 ·
405 4022 540 4071 Marcillus
558 4036 591 4073 ex
631 4021 683 4073 Od.
695 4026 737 4072 1⁷.
753 4022 822 4073 ‘beo
834 4022 923 4083 Libra,
931 4036 978 4071 seu
988 4036 1032 4072 ma
1040 4022 1163 4087 Scorpius

78 4100 158 4153 senio
175 4098 203 4148 sd
220 4097 321 4148 AEneid.
339 4111 360 4149 r.
381 4098 454 4163 legit,
473 4099 545 4162 Desa,
562 4097 589 4148 id
629 4099 726 4163 aspicit
744 4098 945 4162 Formidolosua,
956 4112 1016 4161 pars
1027 4098 1164 4150 violentior

78 4174 362 4238 asomimberoaespi
377 4174 590 4238 comites‚·jurrs
630 4176 733 4226 Natalia
755 4177 836 4238 bore,
855 4172 920 4236 scs,’
939 4178 989 4224 tac.
1021 4174 1160 4244 ideoque

80 4254 160 4311 iloni.
171 4251 249 4321 ltplst.
260 4260 294 4303 u.
306 4253 330 4304 t.
345 4251 420 4305 ‘seit
435 4250 535 4309 ocrim
545 4266 590 4307 ns·
628 4266 689 4305 nox
700 4249 769 4304 ntra
778 4250 812 4306 ad
821 4262 912 4305 rebem
925 4249 1046 4307 ΟΜ
