2850 4817
227 306 315 377 lwt)
591 321 980 374 nnonususconrcurr

225 475 273 532 tes
286 467 326 528 ed
340 485 388 528 ne
400 465 480 528 misit
491 465 617 528 doctiss.
637 477 669 526 et
688 467 849 528 bononien.
866 467 1045 538 Her-Mller,
1067 469 1119 547 qui
1132 458 1368 530 nuncl'rnne·

225 583 329 646 quern
337 573 551 650 commoretur,
565 573 596 624 et
609 562 648 623 de
660 563 732 624 Silio
747 583 868 645 qunque
882 581 948 626 mco
961 565 1036 626 bene
1050 564 1171 626 meritus
1185 576 1244 626 est.
1263 591 1268 602 ·

267 668 317 723 85.
338 661 551 743 diamur·
565 661 756 742 Erinngersre

224 764 383 832 vetustum,
399 760 480 839 quod
500 762 561 822 Set.
576 776 625 820 vr.
640 756 708 821 66-
726 767 792 831 197.
812 757 984 824 eomer.
999 759 1141 829 eontinet,
1165 766 1196 819 et
1220 776 1364 818 mecum

225 854 267 914 eb
286 855 334 916 lll.
353 857 488 919 Harlesio
504 867 550 919 est
573 857 835 930 communicatum,
856 858 908 936 qui
931 856 1019 917 etiem
1042 854 1182 916 benevole
1200 853 1367 934 adjunxit

226 948 298 1012 edit.
312 955 468 1015 Mersboll.
481 952 578 1016 lond.
595 961 684 1022 1728.
699 953 788 1032 cujus
805 953 929 1033 margini
946 951 1082 1030 ascriptre
1096 959 1163 1028 sunt
1176 950 1267 1010 verite
1284 950 1364 1010 lec-

227 1046 323 1109 tiones
336 1049 450 1111 codicis
459 1053 518 1114 Me.
529 1052 582 1131 qui
591 1050 761 1130 designatur
770 1051 853 1112 litere
871 1051 909 1111 E.
920 1069 1009 1131 quem
1024 1058 1122 1110 temen
1137 1047 1359 1109 Ebnerienum

226 1145 275 1208 rel
296 1145 573 1226 Norimbergonsern
591 1167 613 1208 1.
629 1167 693 1208 esse
715 1167 784 1206 mox
801 1146 1004 1208 animadverti.
1056 1147 1261 1226 Fragmentum
1278 1145 1360 1223 ple-

225 1259 352 1322 rumque
365 1245 511 1306 consentit
524 1265 593 1305 curn
607 1245 675 1306 cod.
689 1245 878 1324 Norirnberg.
893 1243 990 1315 tertio,
1004 1243 1056 1304 sed
1069 1262 1128 1302 non
1139 1255 1250 1322 peuces
1266 1261 1359 1320 quo-

227 1350 288 1420 qne
300 1340 449 1402 lectiones
457 1350 522 1406 tnm
534 1343 616 1416 uias,
631 1352 693 1402 turn
708 1341 763 1410 sibi
778 1341 912 1420 proprios
925 1341 1057 1412 exhibet,
1078 1350 1109 1400 et
1126 1357 1354 1418 nonnunqum

228 1454 289 1498 non
304 1438 494 1517 spernendas.

267 1535 343 1594 Aliis
357 1536 513 1598 codicibus
524 1538 603 1612 Μῦς.
616 1536 661 1598 nsi
674 1544 744 1596 sunt
758 1535 945 1604 Salensesius,
957 1533 1098 1612 Scaliger,
1109 1533 1177 1593 Nic.
1187 1530 1352 1605 Heinsius,

227 1631 375 1704 Muretus,
399 1632 570 1713 Schegkius,
586 1634 713 1704 Mercer,
728 1631 883 1704 Brodreus,
898 1631 1024 1702 Flavius,
1042 1631 1204 1702 Fontanus,
1230 1627 1351 1688 Ritter-

227 1725 350 1798 sbusius,
363 1728 525 1800 Cluverius,
547 1727 714 1807 Scioppius,
736 1727 856 1798 etelii:
878 1747 1027 1808 quemque
1052 1727 1083 1787 hi
1096 1727 1125 1787 in
1140 1725 1255 1804 scriptis
1279 1723 1349 1785 suis

101 1872 106 1878 .
225 1830 433 1885 enoteruntex
456 1825 512 1885 illis
536 1823 707 1886 veristeten
731 1823 877 1898 lectionis,
898 1843 951 1884 nos
974 1843 1094 1904 quoque
1109 1822 1221 1902 passim
1234 1821 1349 1886 leuda·

229 1939 336 1980 nnus.

269 2016 402 2079 Aliorum
424 2019 573 2091 codicum,
596 2020 649 2097 qui
675 2018 809 2082 nondum
837 2019 1011 2099 eompmri-
1027 2026 1194 2078 runtcuus
1221 2015 1349 2093 rulgntn

229 2111 389 2192 scripture,
416 2116 521 2197 ingens
544 2138 684 2181 numerus
709 2119 741 2178 in
768 2117 967 2188 bibliothecis,
995 2135 1054 2178 non
1082 2113 1174 2174 modo
1200 2110 1350 2193 publicis,

227 2209 316 2288 (repr.
332 2212 456 2285 Italicis,
469 2215 607 2288 Gallicis,
619 2225 651 2278 et
665 2215 809 2304 Anglicis)
822 2215 874 2276 sed
887 2215 975 2276 etiem
990 2212 1111 2292 privetis
1120 2212 1209 2272 lutet:
1223 2231 1261 2270 .v.
1271 2229 1300 2270 c.
1310 2210 1346 2270 in

227 2307 370 2371 Bibliotb.
396 2311 572 2374 Gersdorfie
595 2335 680 2386 unus,
703 2317 748 2392 (v.
771 2311 959 2393 premerid.
982 2310 1056 2374 liter.
1081 2310 1164 2388 Lips.
1185 2307 1288 2394 1710.)
1309 2307 1346 2370 in

230 2403 447 2486 Rhodigerisnn
463 2408 536 2483 duo,
551 2415 593 2487 (r.
607 2411 780 2472 Fiilleborn.
804 2428 876 2470 vers.
901 2428 1031 2489 germen.
1052 2405 1143 2468 Persii
1164 2425 1195 2483 p.
1210 2405 1257 2476 v.)
1268 2403 1347 2463 Sen-

228 2499 429 2584 kenbergiene
448 2527 537 2580 unns,
561 2507 673 2568 Tbom.
693 2509 758 2569 los.
781 2507 902 2567 Fersetti
924 2525 1008 2578 unns,
1020 2506 1063 2580 (r.
1076 2503 1105 2564 le
1120 2503 1190 2562 Bret
1203 2498 1346 2579 blegnein

228 2619 297 2661 rum
311 2601 475 2666 Gebreucb
499 2606 554 2667 der
577 2604 773 2667 Sueten-und
790 2601 1131 2672 Kirchen-Geschichte,
1145 2598 1185 2658 T.
1202 2612 1248 2658 ιν.
1262 2615 1294 2656 n.
1312 2605 1343 2658 1.

229 2695 369 2758 Francos.
383 2702 485 2775 1774.)
491 2700 712 2782 'Conburgenri
726 2721 819 2782 prope
834 2701 942 2760 Heleni
952 2700 1118 2760 Succorum
1128 2695 1189 2756 duo
1198 2698 1240 2772 (r.
1253 2693 1344 2756 lntel-

229 2789 403 2869 tigenzblatt
416 2794 469 2856 der
491 2796 556 2856 len.
571 2797 650 2878 Attg.
664 2798 722 2858 Lit.
738 2797 812 2858 Zeit.
832 2795 920 2868 1796.
936 2797 975 2857 N.
998 2798 1089 2870 lto).
1139 2789 1280 2854 Permulti
1293 2789 1343 2852 elli

185 2944 188 2948 Δ
229 2897 430 2949 memorentur
453 2890 483 2949 in
507 2891 753 2954 bibliothecnrum
768 2889 1344 2973 cntnlogis'conunentnriiequeuirornm

227 2982 399 3057 doctorum,
427 2987 576 3069 praecipne
604 2988 634 3048 in
663 2989 882 3050 Montfnuconii
909 2990 1051 3051 Bibliotlr.
1080 2990 1156 3052 Mes.
1196 2987 1343 3048 rreum

232 3081 508 3163 nrisntesviginti
534 3084 672 3146 codicum
706 3086 852 3147 lectiones
880 3106 899 3148 n
925 3085 1048 3148 doctiss·
1077 3084 1230 3148 Sclswobio
1256 3085 1343 3145 Corr.

231 3179 344 3260 Gymn.
359 3179 472 3252 Vinnr„
493 3199 584 3260 equo
599 3181 753 3243 consilium
768 3181 875 3246 edendi
887 3183 1038 3246 luvenalis
1051 3183 1203 3261 objectum
1215 3190 1271 3253 est,
1290 3199 1342 3241 ec·

131 3268 133 3271 ’
231 3275 310 3354 cepit
324 3274 370 3335 Cl.
386 3276 517 3352 Gurls'tt,
530 3278 612 3338 Pros.
631 3287 664 3338 et
683 3279 820 3340 Director
840 3278 952 3340 scholae
966 3279 1132 3358 Berg'ensis,
1146 3277 1239 3358 quiin
1253 3276 1342 3339 literis

231 3370 270 3433 nd
284 3372 424 3433 medatis
436 3393 536 3434 esrum
556 3375 728 3454 propediem
751 3375 781 3436 in
804 3377 929 3455 proluss.
942 3377 1080 3437 scholast.
1101 3373 1342 3454 divulgandam

231 3487 312 3550 spem
326 3469 408 3531 lecit.
464 3469 595 3533 Codices
615 3472 657 3531 illi
677 3482 765 3533 runt:
787 3473 848 3534 duo
862 3473 1102 3544 Zwiccevienses,
1116 3477 1259 3551 (quorum
1269 3471 1341 3533 niter

231 3566 303 3628 olim
323 3565 380 3626 suit
399 3567 518 3628 Tbeod.
533 3569 701 3643 Pulmenni)
715 3568 970 3648 Noviomegensis,
985 3567 1156 3649 Miggrodii,
1170 3565 1341 3628 Scbursflei·

231 3663 371 3726 wbienus
382 3683 407 3722 s.
419 3663 607 3738 vinariensis,
621 3664 683 3726 duo
696 3665 950 3745 Hemburgenses,
962 3663 1196 3734 Cbemnicensis,
1212 3661 1340 3742 quinque

230 3762 399 3832 Leidenses,
427 3759 655 3839 (Lugdunensis,
683 3761 829 3836 Perizon,
857 3763 987 3842 Philipp.
1005 3770 1037 3823 et
1064 3760 1124 3822 duo
1143 3759 1338 3832 Vossioniin

232 3857 566 3940 cetu.nio1.1aeid.p.
587 3867 658 3923 ses.
684 3860 716 3920 b.
739 3847 1338 3932 isee.srs.a.3rs.a.srs.·.)1t0e

232 3959 372 4022 tendorfii
389 3981 415 4021 s.
430 3955 577 4029 withofii,
588 3957 778 4033 hubnensis,
792 3957 857 4038 (qni
870 3957 1022 4040 quondum
1036 3955 1093 4016 luit
1112 3953 1253 4030 eleum
1263 3951 1338 4016 Prol.

231 4055 328 4135 tipo,
340 4065 404 4118 tun
419 4055 573 4120 illustriss.
586 4053 624 4115 ds
637 4053 728 4126 chb,
743 4063 774 4116 et
786 4054 896 4116 deinde
908 4053 1054 4127 leubnio
1068 4049 1235 4114 consiliario
1247 4051 1338 4112 eulico

231 4149 442 4217 lundene
454 4154 486 4216 in
498 4173 578 4235 pugo
591 4151 790 4234 Tboringico)
803 4152 864 4216 duo
878 4151 1029 4232 Gotbnni,
1043 4158 1074 4212 ct
1092 4157 1153 4212 tres
1166 4149 1337 4227 Argentom-
