2850 4817
307 378 486 445 scurrus,
510 378 558 431 nr
579 376 785 481 walenses
806 378 970 432 unsar.
1146 364 1191 431 lt

69 530 154 617 ipsi
182 518 1192 613 frequentassc,sedoommerciacmudliepert}rrscos

73 632 190 716 qussi
213 631 437 695 internuncios
462 628 646 695 celebrasse
665 626 878 694 mmmmm
896 630 983 692 sunt.
1026 623 1108 689 lude
1121 624 1193 691 fac·

74 740 162 798 tum
183 740 248 810 est,
270 738 309 797 ut
330 752 444 799 omues
467 730 613 797 Romani
635 730 745 815 polite
768 748 791 794 u
812 728 953 819 Graecis·
974 726 1150 813 mudum,
1171 746 1194 791 a

76 836 216 921 quibus
230 836 342 901 omnia
360 836 427 901 tere
440 834 514 919 jam
522 838 690 918 occupata
706 834 911 911 invenenant,
924 829 1095 916 mgisque
1106 848 1193 895 sem·

75 956 147 1023 per
169 938 358 1015 imitationi,
386 956 488 1021 quarn
519 934 701 1003 inventioni
729 935 927 1013 studuerint,
948 934 999 999 ita
1019 940 1057 998 ut
1080 952 1193 997 receu-

75 1042 190 1105 tiores
205 1040 425 1124 antiquiorum
438 1038 587 1123 vestigiis
609 1038 759 1103 insistere
775 1037 916 1103 soleant.
960 1032 1009 1099 Ut
1030 1030 1195 1100 Horatius

78 1141 270 1219 Lucilium,
294 1142 352 1225 qui
382 1146 492 1207 urum
521 1142 599 1207 novi
628 1140 756 1224 generis
784 1140 969 1204 carminum
996 1142 1113 1204 auctor
1142 1140 1195 1203 est

79 1240 275 1320 habendus,
300 1242 331 1307 si
352 1242 490 1307 formam
513 1248 657 1327 spectes
676 1262 743 1307 nou
762 1242 949 1315 matonam,
971 1239 1117 1305 liberiori
1143 1244 1195 1305 ta·

80 1362 167 1409 men
188 1344 318 1409 incessu
339 1349 472 1409 secutus
493 1350 555 1424 est,
588 1346 637 1409 ita
664 1344 803 1409 Persius
828 1362 873 1407 ex
894 1342 1067 1408 Venusino
1102 1340 1198 1411 fonte.

79 1446 239 1511 hortulos
261 1462 342 1509 suos
371 1446 500 1528 rigavit.
558 1444 599 1509 Iu
630 1444 837 1527 explorando
873 1450 996 1522 autom,
1033 1448 1219 1528 quantum·

82 1544 221 1611 Noster
229 1544 370 1611 Horatio
383 1546 515 1625 debeat,
530 1544 751 1611 Cnsaubonus
764 1546 941 1624 curiosius,
956 1564 1056 1629 praue
1070 1544 1192 1623 dicum,

82 1649 251 1733 iniquius,
266 1668 367 1734 quam
388 1668 449 1732 par
471 1655 535 1727 est,
548 1652 710 1725 rersutrn,
726 1667 802 1713 crnn
821 1666 889 1712 nou
907 1648 1016 1713 solum
1029 1648 1192 1715 dictiones

83 1749 149 1823 sed
170 1751 303 1833 singula
324 1769 424 1834 pene
445 1750 547 1831 verba
574 1749 719 1828 rimetur,
749 1768 826 1833 quae
852 1748 983 1832 utrique
1006 1749 1197 1817 communia

83 1852 221 1930 fuerim,
239 1856 273 1915 et
285 1852 320 1915 in
334 1872 411 1941 quse
435 1856 575 1936 uterque
587 1856 705 1936 sponte
720 1851 865 1917 incidere
876 1851 1027 1935 potuerit
1066 1850 1193 1921 verum

85 1951 202 2017 Persii
234 1952 377 2017 imitatio
402 1952 591 2019 Horatiana
616 1971 682 2018 non
715 1953 823 2017 solum
857 1953 894 2017 iu
924 1952 1125 2019 dictionibus
1159 1961 1193 2021 et

86 2056 216 2135 uerbis,
237 2055 297 2120 sed
322 2056 424 2121 etium
446 2057 481 2119 in
504 2054 686 2133 sententiis,
710 2073 798 2137 quas
821 2074 886 2119 suo
909 2073 1003 2121 moro
1029 2057 1195 2135 tractarit,

88 2157 244 2235 semitm,
281 2157 325 2221 nd
354 2156 445 2241 quod
472 2157 666 2223 imitationis
694 2175 798 2239 genus
825 2154 1067 2241 Cssaubouum
1084 2159 1195 2225 miuus

89 2248 270 2326 attendisse
292 2257 368 2343 jure
389 2259 529 2325 mireris
582 2256 661 2322 Non
683 2258 824 2324 dixerim
853 2264 965 2323 tumen
986 2279 1063 2324 cum
1085 2260 1196 2327 omniu

90 2362 267 2427 setirarrm
288 2364 478 2444 argumenta
498 2378 542 2424 ex
556 2358 703 2423 Horatio
717 2360 890 2439 sumsisse,
902 2361 1073 2445 multoque
1085 2362 1194 2427 minus

89 2462 220 2529 lucain
239 2463 330 2529 illius
351 2463 465 2529 satiris
484 2467 518 2526 et
538 2460 691 2546 epistolis
715 2460 930 2539 demirerim,
955 2462 1076 2545 quibus
1097 2462 1193 2527 lectis

90 2564 212 2631 Persio
235 2564 269 2629 in
288 2570 429 2629 mentem
454 2564 591 2641 venunt,
611 2564 676 2627 boc
702 2562 755 2625 vel
782 2562 865 2627 illud
888 2566 1114 2645 argumentum
1137 2562 1195 2625 de·

92 2664 244 2733 texere.¹⁸
290 2665 378 2733 Haeo
399 2684 479 2731 sune
506 2666 635 2729 lubrice
659 2670 710 2729 est
734 2663 911 2747 judicandi
938 2664 1036 2741 ratio,
1063 2680 1196 2747 exque

87 2770 196 2835 stiam
225 2786 267 2831 ea
294 2768 415 2850 cuique
439 2766 592 2850 scriptori
619 2764 812 2829 subtrahere
842 2764 953 2841 boeot,
981 2784 1060 2848 quae
1085 2769 1195 2830 umen

93 2870 231 2955 propria
252 2868 329 2950 ejus
357 2870 435 2946 sint,
465 2868 652 2950 neminique
675 2867 853 2951 antiquiori
879 2866 1068 2932 debeantur.
1103 2867 1197 2933 .Isto

94 2970 194 3037 modo
215 2970 291 3054 quis
313 2969 497 3053 probibeat,
527 2970 704 3052 quominus
731 2970 894 3049 dicamus,
933 2975 967 3033 et
1001 2969 1197 3035 Juvmdem

95 3072 215 3139 Persio
235 3072 340 3137 multu
362 3072 568 3154 sublegisse:
604 3088 681 3136 uem
709 3072 740 3135 is
766 3091 900 3157 quoquc
924 3071 1042 3135 eedem
1065 3069 1197 3135 dicendi

97 3190 213 3259 genere
224 3175 355 3257 possim
368 3174 481 3251 utitur,
496 3194 564 3258 quo
585 3173 722 3255 Persius
735 3192 819 3238 usus
832 3179 896 3252 cst,
917 3178 952 3237 et
972 3172 1089 3238 mdem
1103 3190 1198 3255 argu·

7 3318 9 3321 -
97 3280 207 3342 ments
215 3280 346 3353 bunut,
355 3294 432 3358 qnae
445 3276 489 3341 ub
504 3278 712 3343 illotruotete
726 3280 813 3339 sunt.
842 3274 884 3338 In
897 3275 995 3338 rebus
1007 3272 1197 3358 bujusrnodi

99 3374 321 3462 dijudicandis
335 3394 464 3459 semper
479 3382 554 3441 ante
568 3374 685 3441 oculos
698 3374 819 3439 babere
831 3376 1002 3453 debemus,
1018 3374 1090 3439 tisri
1101 3378 1198 3459 potu-

98 3482 176 3561 isse,
183 3484 222 3545 ut
233 3480 413 3563 scriptores
422 3478 536 3543 eodem
550 3496 701 3543 sermone
713 3476 769 3541 usi
781 3482 816 3542 et
826 3496 931 3562 neque
943 3477 1129 3562 temporum
1138 3496 1198 3541 no·

593 3644 701 3698 NOTAE

130 3764 161 3811 le
176 3758 278 3811 Auctor
292 3759 476 3825 disputationis
492 3758 627 3811 Germsui·
666 3756 806 3807 ncusdm
814 3770 862 3821 per
872 3754 956 3819 liqlrt.
968 3767 988 3805 r.
999 3759 1039 3804 1⁷.
1051 3758 1092 3806 dt.
1103 3760 1132 3805 et
1141 3754 1198 3804 Set.

102 3854 140 3889 cn
150 3837 181 3887 de
198 3836 233 3889 A.
244 3836 337 3887 Persio
347 3836 387 3903 (iu
404 3837 562 3889 currmme
579 3834 628 3885 der
667 3846 699 3883 ιι.
710 3836 735 3883 t.
747 3836 901 3893 281-Μῆ
919 3832 951 3881 sd
969 3838 1088 3895 querten
1104 3830 1197 3880 seiten

100 3912 278 3965 remebnuteu
288 3912 475 3967 Diebterrller
485 3911 625 3961 Notionem
666 3922 701 3959 ex
711 3916 787 3973 parts
803 3924 851 3972 per
867 3908 952 3972 llplrt.
969 3921 989 3958 r.
1001 3910 1057 3967 leq
1073 3905 1108 3955 sd
1125 3905 1199 3970 quin·

102 3984 529 4040 beslutenltuudesersterstdck.
540 3984 626 4049 μετ.)
667 3991 722 4034 turn
738 3998 787 4049 per
804 3986 860 4034 Set.
870 3998 903 4035 rr.
913 3988 939 4034 t.
971 3982 1054 4033 Plura
1066 3980 1147 4030 etiem
1163 3996 1198 4031 ea

101 4064 237 4127 existimet,
258 4064 291 4113 sd
313 4063 422 4127 prioratu
440 4060 546 4111 rstiran
565 4060 627 4110 ecri-
666 4067 743 4111 sextu
750 4059 876 4111 nttrasd
895 4059 1047 4123 Epirum.
1059 4060 1198 4109 itt-m.

101 4142 207 4194 metm
217 4140 337 4191 Persium
352 4137 494 4188 adductas
510 4150 568 4185 esse
580 4150 627 4199 per
665 4136 778 4189 fernts
786 4150 845 4188 erre
855 4140 939 4200 putet.

96 4211 625 4283 ·ltrr'stepucr.1s.;u.o1.jreqq.;sd
1039 4254 1042 4257 ,
1148 4232 1154 4241 ‹

162 4296 250 4362 Μή.
260 4300 285 4345 rt
300 4294 356 4349 Ver.
369 4296 432 4353 cler.
626 4290 696 4343 Pers.
1098 4288 1134 4339 'B
