2850 4817
444 916 742 1009 SATIRA
781 920 825 1007 Ι.

498 1308 771 1362 Auentinum.

108 1470 301 1523 Αιιιτιοιιιι
313 1469 436 1522 nobilium
447 1472 474 1521 in
488 1471 643 1522 carminibus
662 1471 805 1522 eontentio
824 1472 1038 1539 vanitatemque
1053 1475 1139 1526 omnio
1153 1476 1189 1542 ad

64 1554 293 1616 ostentationem,
308 1554 426 1615 neglecto
444 1552 621 1617 uerl,lronerti
639 1559 667 1602 et
685 1552 860 1617 simplicitatis
878 1554 976 1617 atudio,
995 1562 1188 1620 comparentur,

65 1647 173 1683 nevere
190 1632 404 1697 reprabenaurnm
423 1633 529 1697 po'e'tam
547 1634 645 1683 amicnn
660 1634 764 1699 quidam
780 1633 964 1699 nuperveniene
975 1650 992 1685 a
1004 1636 1188 1701 proponitodi-

65 1727 187 1763 morere
197 1719 316 1777 conantr,
326 1720 354 1763 et
365 1728 482 1764 sermone
497 1728 577 1777 nuper
594 1713 661 1764 lianc
679 1727 736 1763 rem
752 1714 873 1765 inatitato
888 1715 989 1767 initiam
1007 1715 1083 1780 irajue
1098 1716 1187 1766 antire

68 1795 244 1845 continetur.
279 1792 352 1843 Ordo
371 1794 557 1844 sententiarum
573 1794 616 1843 hio
628 1800 683 1843 eat:
702 1792 817 1858 Operam
833 1794 900 1843 ludia
921 1796 1068 1859 scribendo,
1087 1797 1188 1861 acripta

70 1876 151 1926 enim
164 1882 210 1925 tua
221 1889 297 1924 neme
307 1872 491 1939 leget—Quid
502 1874 550 1923 lnoc
560 1873 592 1924 ad
604 1873 663 1922 mei
679 1872 752 1938 quari
761 1887 824 1923 reru
841 1888 929 1925 curem
947 1890 1054 1939 prarnm
1070 1891 1188 1929 meorum

71 1956 177 2006 civium
185 1954 323 2019 judicium,
340 1968 447 2020 quorum
462 1968 547 2003 morea
567 1952 670 2003 omniuo
687 1966 794 2017 gravem
810 1967 946 2005 cenantem
962 1957 1189 2008 merentum—Sed

73 2040 156 2101 irena,
167 2037 225 2103 quia
237 2044 263 2085 te
275 2050 406 2087 certiorem
418 2033 701 2086 creariti-Grauitati
719 2041 747 2083 et
765 2034 898 2084 neveritati
913 2037 999 2085 etatis
1014 2051 1080 2087 meae
1096 2051 1189 2088 munna

75 2120 132 2168 hoc
144 2117 372 2169 convento-Non
388 2116 553 2165 mandabitur
570 2114 629 2179 tibi,
640 2114 958 2181 inqua-Nihilominus
969 2123 1055 2169 tamen
1071 2119 1112 2169 rel
1122 2119 1188 2169 invi-

75 2200 117 2249 tis
137 2198 264 2259 omniunt,
284 2203 378 2246 nature
396 2196 438 2247 uel
452 2196 561 2247 invitum
579 2195 918 2265 impellenteuacribendum
933 2198 996 2249 milri
1015 2205 1063 2249 eet.
1091 2214 1129 2250 ιι.
1147 2203 1187 2251 12.

75 2279 99 2329 J
102 2292 146 2327 am
157 2278 237 2341 ipairu
248 2276 392 2341 argumenti
404 2277 528 2328 tractatio
540 2274 642 2342 incipit,
653 2293 711 2344 que
722 2284 761 2328 ert
773 2292 807 2328 ex
818 2278 962 2329 dramatico
973 2294 1076 2344 genere.
1108 2280 1189 2331 Indu·

66 2345 155 2409 “citur
169 2358 236 2408 enim
247 2358 350 2424 aliquio,
365 2360 410 2423 qni
430 2364 613 2422 prepnateram
633 2364 661 2409 et
679 2360 853 2422 importunam
869 2358 937 2409 iiiior
953 2360 1040 2410 etatis
1056 2360 1189 2411 rcribendi
1273 2355 1279 2363 '

75 2438 244 2505 pruriginem
251 2438 561 2489 defendat-Seriumne
571 2438 846 2500 sublimia-Scilicet,
856 2440 1008 2504 interpellat
1015 2454 1074 2490 enm
1082 2441 1190 2504 Norter,

79 2526 112 2569 ut
123 2518 228 2583 Ιιιῑκιι,
236 2519 305 2583 quud
315 2518 411 2569 recitee
419 2532 506 2569 coram
514 2518 659 2569 homiuibus
665 2519 761 2583 judicii
770 2520 969 2585 corruptiorimi,
977 2519 1071 2584 quibos
1082 2518 1189 2583 probari

78 2602 252 2650 veliementer
261 2600 344 2664 copia.
368 2613 406 2650 ιι.
415 2598 561 2651 aa-ttoid
580 2599 784 2664 alloquin-Juvat
801 2612 900 2647 nummo
910 2612 968 2649 cnm
984 2599 1073 2648 labore
1090 2598 1189 2664 eliquid

80 2680 224 2731 didichrei
240 2695 276 2731 ιι.
286 2680 444 2733 nu-Qomi
454 2692 517 2729 reru
529 2677 647 2728 reientle
664 2676 763 2727 fructur
782 2677 898 2741 pendetu
914 2676 997 2727 omnir
1015 2677 1189 2730 ιΙιΙιιιιίιιιιιι

16 2796 17 2799 ¹
81 2760 286 2823 existimatione,
296 2760 409 2825 nihilque
417 2760 444 2809 ln
453 2772 481 2809 re
493 2758 572 2823 pretii
582 2758 688 2809 lrabeat.
709 2774 748 2808 ιι.
758 2757 896 2809 nr.-Ato’
907 2759 954 2809 tui
970 2757 1044 2822 parri
1054 2756 1147 2824 pendia
1160 2758 1189 2808 in

81 2841 266 2892 orchominum
277 2852 345 2903 eree,
363 2840 389 2889 ln
406 2839 499 2890 nonulla
519 2838 636 2901 mouri,
652 2838 721 2888 inter
737 2840 830 2903 pocula
849 2838 1011 2904 frequentari
1029 2852 1061 2889 ac
1081 2839 1189 2905 laudari,

82 2922 175 2971 beatur
186 2926 246 2985 poet
258 2926 367 2969 mortem
378 2934 409 2970 eo
420 2919 541 2970 futuruai
556 2917 626 2971 tiolo
638 2920 725 2970 rideri
740 2934 774 2968 an
785 2921 844 2978 erit,
856 2920 900 2985 qui
907 2920 1097 2970 immortalitati
1108 2920 1189 2970 ineer-

83 3004 139 3052 uire
151 3000 268 3051 recuset?
284 3016 322 3052 ιι.
333 3000 498 3051 laedendo
509 3000 637 3065 equidem,
648 2999 709 3066 quid
720 3000 756 3051 rit
766 3000 860 3051 merito
871 3000 988 3062 landari3
1004 3014 1093 3049 rerum
1104 3000 1188 3049 aocla-

83 3082 211 3133 matiunee
220 3082 299 3133 istan:
318 3078 406 3144 Euge!
421 3086 450 3131 et
459 3080 548 3132 Bello!
558 3096 618 3131 cum
627 3079 831 3131 futtilanirnorum
842 3087 871 3131 et
885 3081 1065 3132 riliaaimorum
1077 3080 1188 3144 scripto·

83 3168 189 3223 rum,nt
200 3176 269 3213 nunc
280 3168 331 3226 eet,
346 3162 525 3225 premiaeint,
543 3160 628 3213 nullon
646 3178 718 3212 curo.
745 3176 783 3211 ra
794 3166 835 3211 σε.
869 3162 948 3224 Quid,
967 3162 1037 3226 quod
1057 3160 1189 3215 auditore·

83 3256 195 3308 quoqne,
214 3240 290 3291 teriia
309 3240 407 3291 artlbue
426 3242 552 3306 corrupti,
564 3238 726 3292 velificantur
743 3241 847 3306 quidem
866 3241 1028 3292 recitantium
1047 3242 1190 3307 auribur,a

84 3332 159 3387 tergo
170 3330 257 3371 autem
267 3320 364 3372 rident.
388 3335 427 3371 ιι.
437 3324 480 3372 62.
511 3319 569 3385 Age
578 3320 644 3384 jam,
659 3320 802 3382 rideamus,
815 3321 891 3385 quale
901 3321 937 3371 ait
949 3323 1037 3386 populi
1045 3322 1188 3387 Judicinm!

83 3402 175 3453 molles
187 3408 215 3451 et
225 3400 351 3453 iniractoo
361 3402 471 3467 requirit
480 3414 580 3469 vernus,
589 3414 727 3465 rerumque
738 3406 874 3451 tumorem.
891 3416 929 3452 ιι.
941 3406 982 3452 ou.
1016 3402 1096 3466 Cujus
1108 3403 1154 3468 rei,
1166 3403 1190 3453 oi

83 3496 175 3533 verum
186 3481 304 3533 volumno
314 3480 400 3547 fateri,
410 3482 498 3533 ineaua
511 3482 562 3532 lata
579 3496 719 3548 puerorum
731 3481 758 3531 iu
770 3482 862 3531 niolio
874 3482 1047 3547 institutione,
1057 3487 1189 3551 stultaque

85 3561 248 3627 antiquitatia
258 3563 414 3614 verecundia
423 3569 541 3614 auctores
553 3563 603 3628 ipsi
612 3578 706 3613 eumue.
734 3577 771 3611 ιι.
783 3566 824 3613 tt.
858 3562 928 3613 Hinc
946 3564 1070 3616 nermooir
1084 3578 1189 3632 corrup-

87 3644 138 3693 tela
148 3641 293 3707 repetenda
302 3648 352 3707 ert,
363 3657 421 3709 que
433 3643 499 3694 eden
511 3642 537 3693 in
548 3642 649 3694 deliciis
665 3643 787 3707 habetur,
807 3651 837 3693 ut
858 3646 900 3695 rei
920 3646 1006 3709 rapite
1023 3644 1188 3713 fortunisque

85 3723 202 3773 omnibu·
213 3724 253 3773 rei
263 3724 389 3788 neglectio
401 3725 491 3788 pupuli
503 3725 620 3788 plausum
638 3723 742 3787 patroni
751 3724 814 3775 inde
830 3726 923 3776 mereri
935 3726 1066 3775 otudeant
1094 3741 1133 3776 ιι.
1144 3729 1188 3777 til.

85 3804 153 3855 -At
164 3804 219 3854 roni
231 3806 318 3853 tamen
332 3812 359 3853 et
376 3804 558 3855 concinnitatie
575 3804 642 3856 ratio
653 3804 773 3855 habenda
783 3811 834 3867 eat,
844 3821 922 3872 qnam
938 3808 1035 3870 priore·
1046 3805 1132 3870 po'e‘te
1142 3818 1187 3855 ne·

87 3886 231 3949 glexerum.
239 3899 278 3935 ιι.
288 3884 423 3935 01.-Ηοο
434 3884 518 3935 uhtu
528 3887 653 3950 exemplis
664 3886 765 3937 ridetur
773 3902 810 3938 ιι.
823 3892 880 3938 ruo.
913 3887 971 3939 Quo
981 3886 1054 3937 factu
1059 3884 1196 3949 judiciam·

88 3980 157 4016 aeom
165 3964 199 4016 de
211 3970 270 4016 tuto
279 3965 325 4015 ilio
337 3979 432 4029 genere
443 3966 542 4017 Noster
553 3966 624 4017 brevi
643 3968 785 4033 aubjnngit.
808 3968 923 4018 Tandem
939 3965 1112 4026 adversariur,
1127 3979 1188 4016 curn

89 4044 147 4095 niiril
157 4050 297 4111 preterea,
308 4059 360 4110 quo
378 4058 483 4095 cauum
504 4060 575 4096 ruam
593 4053 733 4106 aurientet,
746 4046 859 4107 labem
876 4060 922 4097 cor
941 4045 990 4096 tibi
1007 4044 1074 4109 lpse,
1093 4044 1187 4110 lnquit,

89 4124 162 4177 nimiu
178 4125 236 4177 ueri
255 4122 344 4175 studio
360 4124 621 4177 noceat—Quantum
640 4126 674 4176 ad
689 4141 741 4191 nae,
760 4125 901 4191 reapondet
918 4125 1017 4177 Nnater
1032 4123 1188 4190 ainrilnter,

88 4206 168 4260 nula
176 4204 236 4258 hee
247 4202 375 4270 preclara
385 4203 447 4269 aiut,
458 4202 578 4271 equidem
589 4206 678 4258 ulcera
686 4206 804 4258 irem
815 4208 929 4271 tanqam
955 4204 1107 4271 linimrerq
1114 4205 1186 4272 qnod
