2850 4817
546 356 774 409 susumus.
1127 348 1217 417 Μ

101 496 244 577 excipiet,
261 496 436 581 dum:
458 514 518 579 qss
538 518 677 579 perverse
696 501 810 565 nuere
829 499 891 565 diri
912 519 973 565 noo
995 512 1105 585 potest,
1125 524 1215 587 qssrr

104 596 260 656 molestum
274 592 488 677 difficilemque
502 596 662 659 reddiderit
674 596 813 663 editionis
826 618 889 661 su
897 618 993 663 nsum.
1022 600 1106 664 lde·
1116 600 1148 663 is
1157 613 1218 665 ter·

106 702 139 750 ln
157 700 186 750 et
199 692 292 770 ipsius
313 699 411 771 poetae
424 703 455 754 el
476 694 648 759 Schoineus
661 694 807 759 Pilltmssri
824 696 1016 778 esprlnrestlo
1029 708 1149 761 secnltts
1169 712 1217 761 eat

107 790 306 852 recensionem
320 790 494 851 Sebrevelii.
535 793 637 873 lltpns
649 794 752 875 iisqne
763 814 896 874 operam
905 796 936 856 in
949 796 1090 860 lurensle
1099 796 1217 859 sdssds

108 882 294 957 roboratam,
308 896 350 957 ¹ut
363 886 480 965 peninrs
493 900 679 968 perspectam
700 890 830 953 babesst
843 892 980 964 lectores,
999 892 1138 955 Praelatio
1150 893 1218 973 ans

107 982 193 1061 digna
205 983 332 1055 ridetur,
347 1002 415 1062 qut
426 996 604 1063 opponatur.
646 988 701 1047 Est
715 1006 784 1049 vero
797 988 881 1051 hoe:
904 990 1002 1051 ‘Coss
1013 991 1093 1054 base
1108 994 1218 1052 Aucto

106 1099 164 1140 rem
179 1080 297 1159 publici
314 1082 391 1159 juris
406 1082 501 1143 lacere
516 1081 722 1157 decrevissem,
741 1084 857 1165 eliqtu
869 1086 938 1149 siris
956 1088 1076 1149 nomine
1088 1108 1125 1149 sc
1138 1088 1219 1149 tems

107 1175 317 1247 celeberrimis,
341 1184 466 1237 urentem
481 1178 696 1258 consiliumque
711 1200 809 1242 meum
822 1182 937 1262 sperui,
960 1192 991 1244 et
1012 1183 1123 1245 obnixe
1136 1184 1219 1265 petii,

109 1282 149 1343 nt,
163 1272 188 1331 ri
202 1273 279 1351 qnid
293 1272 321 1331 iu
335 1272 414 1333 bunc
428 1276 590 1337 Auctorem
605 1276 820 1352 obsecrarent,
837 1280 1058 1343 commonicare
1071 1280 1143 1343 mihi
1156 1279 1220 1360 dip-

108 1379 256 1442 narentur,
279 1370 473 1443 honorificam
497 1390 599 1433 eorum
627 1374 809 1439 mentionem
832 1376 995 1455 pollicitus.
1020 1398 1082 1457 quo
1104 1381 1222 1440 Auctor

109 1466 165 1539 hic,
180 1469 255 1547 reip.
270 1468 406 1529 literaria
421 1470 510 1542 buno,
532 1470 647 1532 auctior
662 1472 823 1551 tersiorqne
843 1474 943 1535 lucem
955 1475 1089 1552 aspicere
1110 1484 1222 1554 posset.

43 1560 54 1569 ”
110 1562 230 1625 Plurimi
246 1566 303 1625 boc
317 1586 415 1625 meum
426 1568 577 1629 consilium
591 1568 805 1647 approbarunt,
819 1578 852 1632 et
863 1570 1004 1643 ementi,
1017 1578 1052 1631 st
1061 1570 1103 1633 ita
1113 1570 1222 1643 dium,

109 1662 208 1723 cslcar
221 1662 411 1735 addiderunt,
434 1664 643 1743 promissisque
657 1667 817 1739 lactarunt,
838 1667 914 1727 nibil
927 1686 986 1727 aon
1001 1666 1136 1747 polliciti.
1175 1666 1225 1726 ln·

111 1760 193 1819 terim
214 1768 290 1830 tum,
315 1770 348 1821 ut
362 1769 393 1823 et
414 1762 549 1834 antebac,
574 1764 717 1842 comperi,
740 1749 923 1827 verissimam
943 1763 1112 1844 essequod
1134 1762 1225 1842 rulqo

111 1855 225 1917 fertur:
249 1856 414 1917 Promissis
419 1865 519 1936 porres
532 1858 655 1939 quilibet
666 1880 726 1921 csse
738 1860 829 1925 diser.
871 1862 1069 1924 Nihilominus
1078 1858 1162 1943 qnod
1176 1860 1222 1923 in·

111 1972 260 2032 cepcmrm
277 1952 410 2031 gnaviter
422 1953 578 2015 absolvere
591 1956 718 2035 periero,
738 1967 771 2020 et
783 1968 869 2021 notas
882 1958 1030 2021 miomm
1043 1960 1222 2032 Arctorum,

109 2070 184 2130 quas
198 2050 230 2109 in
243 2070 341 2110 meum
358 2070 442 2109 usum
456 2052 645 2130 collegeram,
666 2051 695 2111 in
709 2052 843 2117 ordinem
855 2053 976 2135 digessi,
989 2064 1021 2117 et
1033 2052 1073 2117 sd
1085 2054 1224 2118 uendere

109 2146 259 2217 resonari,
284 2146 397 2207 collatis
418 2148 495 2207 inter
514 2168 547 2207 se
568 2147 748 2213 diversorum
770 2151 859 2222 notis,
882 2151 1050 2211 selectiores
1068 2150 1171 2229 selegi,
1194 2160 1226 2212 et

109 2243 264 2323 precipue
278 2260 346 2321 ane
357 2242 394 2301 ad
411 2252 538 2303 mentem
550 2246 689 2305 Auctoris
702 2252 784 2305 recte
798 2244 1019 2325 percipiendam
1031 2256 1064 2307 et
1075 2246 1228 2309 illustran-

111 2340 181 2401 dam
202 2338 329 2401 nauimc
349 2338 562 2401 conducerent.
604 2342 671 2403 Jam
692 2361 765 2404 vero
787 2341 870 2423 quod
891 2342 932 2404 ed
953 2352 1065 2403 testum
1086 2342 1226 2407 Auctoris

110 2438 230 2509 attinet,
243 2434 489 2497 correctissimum
502 2446 533 2497 et
546 2436 761 2509 nitidissimum,
777 2438 802 2497 si
816 2457 947 2516 unquam
960 2448 1040 2512 ente,
1059 2437 1115 2499 libi
1129 2438 1226 2501 trodo.

113 2536 217 2595 l'arias
230 2532 339 2594 etenim
361 2532 651 2611 accuratissimeque
673 2532 829 2606 editiones,
851 2534 967 2595 collatis
988 2535 1065 2595 inter
1084 2555 1117 2595 se
1129 2556 1227 2596 erenr-

112 2632 258 2711 pleribus,
280 2630 404 2709 inspexi,
425 2630 597 2703 examinavi,
620 2641 652 2691 et
671 2650 708 2691 er
729 2630 785 2690 illis
805 2630 975 2709 precipuas
989 2630 1126 2707 judicavi
1149 2632 1226 2693 rtet.

114 2728 259 2810 Stephani
272 2737 304 2789 et
319 2728 436 2789 Pitheci
449 2727 605 2799 editiones,
619 2746 693 2807 quas
706 2728 795 2789 etiarn
810 2746 873 2806 pras
886 2726 991 2788 ceteris
1003 2735 1145 2805 tanquam
1160 2748 1226 2789 cor·

115 2826 293 2887 rectissimas
305 2824 391 2905 elegi.
434 2827 472 2887 Et
492 2824 574 2905 quod
594 2824 712 2885 silentio
731 2844 791 2886 non
809 2823 1033 2898 inuoluendum,
1053 2844 1125 2885 usus
1138 2824 1227 2886 etiarn

116 2941 181 2983 surn
197 2921 316 2983 duobus
331 2920 639 3000 exemplaribuslllss.
656 2940 725 3000 quae
736 2921 789 2983 vir
800 2920 931 2983 nobiliss.
941 2940 978 2981 ao
991 2920 1229 3001 incomparabilis

116 3021 163 3081 ct.
180 3020 344 3080 &immiso
357 3019 429 3079 mibi
443 3016 653 3097 suppeditavit,
672 3019 722 3083 cui
737 3020 788 3079 uni
801 3019 862 3079 lere
874 3027 906 3079 et
918 3017 975 3078 soli
987 3018 1095 3089 debeo,
1115 3019 1140 3077 si
1154 3018 1228 3099 quid

116 3116 245 3178 nominis
272 3135 308 3176 ac
332 3116 420 3177 farnae
444 3115 510 3176 brec
534 3124 633 3177 nostre
656 3114 747 3179 editio
769 3115 948 3178 merebitur:
977 3114 1089 3193 quique
1110 3113 1230 3191 insuper

116 3223 246 3275 sotem
268 3214 461 3292 interpretem
475 3214 596 3291 propria
611 3230 666 3273 sua
679 3230 781 3282 menn,
802 3210 901 3273 multis
920 3212 952 3271 in
971 3210 1044 3271 locis
1055 3211 1230 3292 castigatum

116 3310 369 3387 emendatumque
389 3326 499 3369 sumata
521 3328 590 3369 oum
612 3307 796 3369 humanitate
817 3308 896 3367 ultro
910 3307 981 3368 mibi
1000 3307 1128 3379 obtulitc
1146 3308 1231 3378 ctatl

119 3428 207 3487 quem
221 3406 381 3485 saepissime
394 3415 537 3483 tauquam
551 3404 590 3465 ad
602 3405 766 3467 Oraculour
780 3405 911 3483 coniugi,
925 3405 949 3466 si
963 3426 1032 3486 quoe
1042 3405 1109 3467 loca
1122 3415 1231 3481 esseut,

118 3507 165 3565 rel
192 3504 235 3564 ab
262 3502 474 3583 interpretibus
499 3504 618 3575 innon,
647 3503 694 3565 uel
719 3502 910 3575 intricatione.
943 3504 1073 3565 candide
1100 3513 1164 3564 tum
1190 3502 1232 3563 ibi

119 3610 250 3663 ruentem
275 3620 354 3659 sunm
378 3603 503 3681 aperuit,
532 3601 663 3680 nihilque
690 3601 772 3680 quod
798 3619 1011 3681 proposueram
1036 3600 1153 3672 celant,
1179 3598 1232 3666 sed

117 3718 234 3779 semper
262 3700 324 3757 voti
352 3711 522 3777 corrrpoteru
548 3697 832 3761 dimisit-Gsdiss
860 3698 936 3759 milti
958 3700 1045 3761 etiam
1069 3696 1132 3757 duo
1156 3696 1234 3757 Mss.

119 3794 301 3874 exemplaria
315 3796 524 3867 commodavit,
546 3815 614 3875 quae
627 3814 697 3857 cnm
711 3796 768 3856 heo
782 3802 883 3855 nostra
898 3795 1036 3856 Editione
1050 3792 1172 3864 contuli,
1192 3801 1235 3865 et,

117 3891 141 3951 si
156 3892 230 3971 quid
245 3900 353 3953 nutatu'
361 3892 493 3971 dignum,
507 3894 537 3953 iu
551 3902 666 3955 testum
676 3894 771 3955 intuli.
813 3892 951 3953 Veterem
965 3910 1037 3969 ergo
1051 3888 1236 3951 Scholiasten

113 3989 208 4055 ,etism
229 3988 386 4069 integrum,
408 3999 438 4050 et
460 3989 593 4069 plurimis
617 3991 647 4053 iu
670 3990 746 4051 locis
770 3991 813 4051 ita
837 3999 870 4049 ut
888 3988 1016 4049 disiacus
1034 3984 1236 4057 emendatum,

123 4088 220 4162 trado.
264 4088 347 4145 luter
368 4094 613 4159 commentatores
633 4106 746 4160 omnes,
769 4086 879 4168 qulbus
900 4086 946 4147 usi
964 4103 1075 4155 marus,
1097 4083 1237 4149 hiim

121 4204 185 4264 prae
199 4182 308 4245 ceteris
322 4182 393 4243 milti
407 4184 527 4263 placuit,
541 4194 572 4245 et
586 4186 707 4265 nequid
723 4186 800 4249 dlius
813 4182 950 4244 laudibus
963 4182 1137 4261 detrectem,
1154 4179 1238 4243 milri·
