2850 4817
239 386 263 449 6
630 400 678 445 ou
704 398 825 447 eursu
849 399 953 460 vrri,

240 528 401 609 affinitate
426 549 497 609 erat
517 543 733 625 conjunctus.
779 544 934 607 Decessit
957 542 1096 607 Persius
1122 542 1176 607 rel
1206 544 1361 625 septimo

239 649 293 714 vel
307 658 426 713 octavo
440 666 527 709 auno
539 647 667 727 imperii
684 645 831 708 Neronis
843 644 885 708 A.
903 644 948 708 U.
963 644 1003 710 C.
1017 646 1095 709 815.
1129 644 1261 708 Auctor
1276 645 1359 708 vilae

240 750 315 833 ejus
330 748 495 812 memoriae
511 748 676 831 proditum
692 748 835 830 reliquit,
860 766 937 810 eum
949 749 984 810 in
997 747 1140 829 pueritia
1157 742 1360 809 Praetestom

241 858 275 915 et
303 848 509 931 (ldoipnricon
539 848 659 911 librum
684 866 787 910 unum
805 853 840 911 et
863 868 996 929 paucos
1019 868 1135 911 versus
1159 850 1195 911 in
1216 866 1362 912 socrum

240 950 397 1015 Thraseoe
429 950 559 1014 Arriam
589 957 740 1025 matrem,
768 970 844 1032 quae
873 970 910 1012 se
933 956 1009 1013 ante
1033 951 1141 1012 virum
1164 950 1361 1023 occiderat,

241 1051 430 1133 scripsisse,
445 1072 520 1132 quae
537 1053 650 1114 omnia
668 1049 816 1113 Cornuto
833 1058 970 1115 auctoru
985 1072 1006 1114 a
1019 1058 1124 1115 matre
1146 1051 1259 1115 Persii
1273 1052 1362 1114 abo·

240 1156 302 1220 lita
315 1156 392 1218 sint.
437 1153 554 1229 l‘orro,
576 1172 648 1215 raro
664 1152 820 1215 Persium
843 1162 877 1216 ct
895 1154 988 1216 tarde
1008 1154 1197 1236 scripsisse,
1214 1152 1361 1217 librum·

137 1322 143 1333 ,
242 1276 317 1340 que,
333 1276 432 1340 quem
452 1257 656 1320 nuncetiam
676 1255 1014 1330 habemus,ultimam
1034 1276 1170 1319 manum
1191 1257 1271 1340 eJus
1286 1272 1358 1317 non
1417 1333 1418 1340 ἵ

241 1376 315 1422 esse
329 1364 513 1441 expertum.
558 1358 598 1420 ln
623 1357 723 1439 hujus
741 1358 858 1420 ultima
878 1364 973 1441 parte
991 1376 1106 1420 versus
1125 1358 1262 1439 aliquot
1278 1374 1357 1420 osse
1417 1359 1418 1452 l

244 1459 384 1536 demtos,
406 1468 442 1523 ut
471 1460 582 1523 finitus
597 1459 776 1535 rideretur,
800 1458 1049 1544 Cornutumque
1064 1461 1173 1542 ipsum
1192 1458 1358 1523 nonnulla
1417 1457 1418 1472 ¹

243 1562 440 1639 correxisse,
470 1562 650 1643 Caesioque
679 1563 815 1643 petenti,
840 1569 876 1626 ut
895 1562 1045 1625 ederetur
1068 1562 1163 1637 liber,
1186 1560 1357 1623 edendum

243 1662 429 1727 tradidisse.
474 1663 627 1727 Continet
649 1663 703 1726 hio
727 1665 821 1741 liber,
846 1686 869 1728 a
894 1664 1102 1742 Quintiliano
1130 1670 1163 1726 et
1192 1660 1357 1727 Martiale

243 1766 438 1841 laudatuS,¹²
462 1772 581 1847 praeler
600 1766 775 1847 prologum
799 1784 861 1829 sex
885 1769 1017 1843 satiras,
1043 1786 1109 1830 uon
1132 1767 1208 1848 pari
1235 1780 1356 1828 omnes

243 1869 411 1951 dignitate,
427 1886 564 1951 quarum
582 1868 690 1949 pn'ura
714 1886 758 1930 ex
778 1868 915 1932 duarum
938 1868 1071 1931 laciniis
1091 1869 1287 1949 composita
1307 1867 1356 1929 vi·
1418 1875 1419 1970 p

244 1970 350 2045 detur,
366 1972 465 2033 etiam
481 1990 524 2032 ex
540 1976 654 2052 quarta
669 1990 735 2033 nou
757 1990 868 2052 pauca
882 1970 1089 2033 intercidisse
1103 1969 1281 2051 probabile
1295 1972 1355 2032 est.

244 2070 291 2134 Ut
311 2072 499 2133 accuratius
520 2070 560 2132 do
579 2071 646 2133 illis
667 2069 780 2134 satiris
799 2070 950 2154 judicare
969 2072 1150 2154 possimus,
1171 2088 1236 2150 age
1261 2070 1354 2133 vide·
1418 2071 1419 2078 ’

244 2190 339 2233 amus
354 2170 482 2251 paucis,
500 2170 579 2252 quid
600 2177 635 2234 et
652 2170 763 2253 qualis
780 2173 826 2236 sit
841 2173 946 2235 salira
964 2178 1023 2237 aut
1041 2173 1216 2236 satiricum
1236 2190 1353 2253 geurrs,
1418 2173 1419 2224 l

247 2270 373 2355 quoda
390 2270 552 2335 Romanis
568 2272 745 2348 inventum,
762 2276 929 2337 excultum
944 2280 979 2337 et
991 2276 1173 2357 perlectum
1189 2282 1253 2338 est.

288 2372 453 2439 Carminis
472 2394 586 2456 genus,
608 2374 698 2458 quod
717 2376 828 2440 satirae
848 2376 980 2439 nomine
998 2376 1192 2457 insignitum
1206 2382 1272 2452 est,
1287 2376 1352 2439 lroc
1419 2401 1420 2440 r

188 2464 192 2477 '
244 2476 344 2541 habet
365 2479 585 2561 propositum,
610 2486 645 2542 ut
670 2499 777 2542 mores
799 2478 958 2555 emendet,
980 2498 1087 2560 eoque
1110 2497 1132 2540 a
1154 2477 1271 2541 libello
1294 2496 1353 2541 seu

245 2579 390 2644 carmine
412 2580 543 2644 lamoso
568 2580 686 2657 differt,
713 2600 780 2663 quo
803 2580 837 2643 id
852 2582 984 2660 agitur,
1006 2586 1043 2643 ut
1066 2580 1191 2663 aliquis
1211 2579 1352 2661 indigno

244 2700 333 2744 more
346 2681 481 2744 infamia
494 2692 698 2765 aspergatur.
728 2682 854 2745 Vemm
869 2682 967 2757 ratio,
981 2700 1050 2765 qua
1063 2680 1219 2745 satiricus
1235 2681 1352 2755 utitur,
1417 2659 1421 2748 i

244 2800 311 2843 non
328 2782 359 2843 in
375 2802 415 2843 eo
434 2784 547 2863 positu
565 2792 628 2860 cst,
648 2790 684 2847 ut
708 2789 881 2865 praecepta
902 2783 1067 2847 tradantur
1084 2782 1228 2859 virtutis,
1243 2800 1352 2846 mores

245 2882 379 2945 candidi
399 2883 582 2960 laudentur,
607 2886 755 2967 vitaque
779 2886 933 2949 honestas
957 2882 1211 2960 commendetur,
1237 2902 1351 2948 verum

245 2982 409 3047 diversam
426 2984 516 3048 viam
531 2984 722 3067 ingreditur,
742 2986 825 3049 ridet
844 2984 1028 3062 stultitiam,
1048 2986 1155 3070 carpit
1175 2985 1351 3067 improbos

243 3104 362 3162 mores,
378 3086 502 3149 scelera
515 3086 670 3169 flagellat,
680 3094 789 3169 atque,
801 3093 837 3149 ut
851 3088 994 3149 breviter
1006 3086 1124 3161 dicam,
1140 3088 1173 3148 τὸ
1183 3088 1351 3171 ἐλεγκτικὸν

244 3188 379 3251 satirico
393 3190 600 3271 propositum
615 3194 673 3251 est.
718 3186 774 3249 Ad
794 3187 878 3251 hanc
892 3206 959 3251 rem
975 3206 1039 3251 nou
1054 3195 1244 3270 argumenta
1258 3189 1351 3253 adiri-
1418 3205 1420 3274 ἦ

244 3290 311 3366 bet,
328 3298 364 3355 ut
378 3311 504 3355 morum
519 3297 706 3375 praeceptor
722 3290 756 3352 in
771 3290 907 3366 scholis,
923 3296 982 3353 aut
1000 3289 1238 3373 turpitudinem
1251 3292 1352 3355 vitio-

748 3498 854 3549 NOTAE

243 3606 365 3658 'l'irrasea‘
387 3608 425 3654 rel
446 3608 542 3658 invitus
561 3612 674 3671 ognovit.
702 3612 774 3660 l'lut.
816 3612 867 3661 tale
880 3610 939 3672 suit,
951 3611 1067 3675 liberque
1079 3616 1185 3659 exustus
1197 3618 1247 3660 est.
1263 3610 1350 3660 Tacit.

243 3684 354 3749 reipubl.
369 3697 423 3747 ger.
439 3696 516 3745 pror.
528 3700 551 3733 e.
567 3690 604 3734 l-t.
616 3686 646 3735 'l'.
664 3699 713 3735 xrr.
732 3686 774 3735 erl.
815 3691 862 3738 rit.
873 3690 964 3753 Agrie.
975 3694 999 3738 t.
1010 3698 1037 3737 et
1048 3693 1103 3737 tta
1128 3687 1235 3736 Sueton.
1249 3688 1349 3736 Domit.

244 3762 323 3813 llult.
342 3760 484 3809 decusatur
503 3760 606 3821 (laturis,
623 3762 707 3811 Tacit.
721 3764 738 3810 Ι.
750 3778 774 3811 c.
814 3770 856 3814 1⁰.

243 3852 301 3891 xrr.
318 3843 374 3897 lt,
401 3836 492 3885 mortis
512 3836 645 3886 urbirrlurn
663 3828 795 3901 acropus
849 3845 878 3889 12
896 3841 1006 3893 Quintil.
1022 3852 1049 3888 x.
1062 3844 1085 3888 1.
1102 3838 1234 3887 ‘Multum
1243 3848 1272 3889 et
1280 3855 1347 3889 verre

242 3913 594 3982 uenisquesectisoceubuit.
627 3914 709 3964 Tacit.
721 3916 739 3964 1.
750 3931 773 3964 c.
816 3916 913 3980 glorio,
933 3918 1049 3980 qnanrvis
1073 3930 1125 3964 uno
1146 3915 1221 3977 libro,
1245 3918 1348 3965 Persius

242 3998 301 4053 ⁸¹·t
320 3998 424 4043 sueton.
439 3992 500 4041 Ner.
513 3994 553 4039 8⁷.
566 4007 573 4051 ς
590 3992 675 4040 Seirol.
688 3991 720 4039 ad
729 3993 774 4042 Ju·
816 3992 928 4041 meruit.’
940 3991 1193 4041 districtiorem.
1206 4007 1263 4057 seq.
1280 3995 1347 4043 ‘Sa-

242 4070 324 4119 vemrl.
344 4084 371 4117 v.
391 4072 445 4126 δας
480 4069 532 4117 llio
553 4068 624 4117 Cass.
645 4080 711 4117 uxu.
732 4072 773 4117 26.
817 4068 873 4130 pius
884 4068 914 4114 iu
923 4067 989 4115 libro
1001 4073 1160 4115 memoratur
1172 4069 1278 4117 Persius
1290 4083 1345 4127 uno,

241 4144 369 4195 manavir
380 4158 437 4193 eum
450 4143 694 4207 porteaAurulenus
709 4146 773 4194 ltm-
817 4144 901 4195 Quam
922 4144 987 4193 loris
1006 4143 1033 4191 io
1051 4149 1108 4191 tota
1124 4144 1228 4195 rrmm
1243 4144 1344 4195 nmm-

240 4219 317 4283 tlom,
329 4220 397 4284 quod
409 4218 458 4283 ipsi
474 4222 522 4271 rub
542 4220 690 4273 Domitiano
704 4220 773 4287 capi·
815 4218 894 4269 uide!
