2850 4817
239 326 326 401 lffll
616 338 812 393 irruamus
834 338 1004 391 uourcurs

239 490 278 571 sle
290 488 440 553 Juvenalis
460 487 548 557 libro,
572 486 655 546 litera
676 494 724 547 est
745 486 909 563 majuscula
932 488 1031 557 rubra,
1052 485 1178 565 reliqu·
1202 498 1379 547 mum

237 588 364 653 initiales
378 596 460 657 anre,
476 583 642 655 saucibus,
664 584 702 643 ad
728 602 803 662 quas
823 583 982 662 pertinent,
1004 584 1159 656 (liniretur,
1174 604 1212 644 as
1224 582 1380 643 duabus

194 732 202 743 .
239 680 360 748 inclara
375 682 457 743 lineis
471 682 609 741 deorsum
625 680 735 752 dantis,
748 682 837 741 rubro
850 682 985 760 stigmate
999 693 1068 742 sunt
1081 692 1205 741 notata.
1251 680 1381 741 Juve-

240 784 324 854 ualis,
340 781 465 853 lluratii,
476 790 567 859 atque
578 778 710 857 Prosperi
719 779 856 857 operasb
872 798 929 839 una
939 778 1104 858 eademque
1117 797 1206 839 manu
1220 778 1379 857 scripta.

240 879 295 943 uisi
309 879 391 961 quud
414 897 432 938 a
454 875 609 937 recentiori
632 891 723 935 runnu
743 874 888 954 profem
908 887 962 936 aut
984 876 1014 934 iu
1036 876 1177 953 unrgine,
1196 886 1248 934 aut
1272 876 1381 933 inm

238 980 333 1039 lluess
342 973 551 1057 explicationes
564 976 625 1034 slve
639 973 754 1053 glossas,
765 972 816 1033 sed
830 973 985 1034 nrissina
997 970 1379 1051 casamentum-fleo

240 1071 386 1136 sufficiant
398 1072 437 1133 ad
451 1072 689 1152 cognoscendam
703 1084 851 1131 extamus
866 1070 986 1131 Codicis
999 1070 1135 1131 somam.
1170 1070 1216 1128 De
1229 1068 1380 1128 interna

240 1187 309 1233 reru
321 1172 387 1250 ejus
398 1171 511 1244 ratloue
525 1170 555 1231 iu
568 1170 735 1230 uuiversum
749 1168 980 1249 preripiendum
990 1167 1116 1241 vitlem,
1125 1184 1194 1226 eun
1205 1184 1274 1225 esse
1292 1182 1376 1225 num

239 1270 332 1349 magis
347 1269 490 1339 bonitate,
506 1284 596 1345 quam
619 1267 831 1343 singularitate,
853 1267 879 1326 si
893 1266 934 1327 its
956 1266 1056 1325 (lisere
1073 1264 1121 1323 sss
1132 1263 1179 1335 sit,
1201 1280 1376 1321 memora·

240 1366 341 1427 bilem.
393 1364 495 1427 Habet
517 1362 594 1425 errius
616 1362 848 1443 qrramplurlnrs
869 1362 1002 1433 lacunas,
1030 1362 1147 1420 minime
1169 1358 1287 1437 ubique
1323 1378 1373 1417 ex

238 1460 477 1524 muoteleutia
485 1470 576 1533 ortas,
587 1458 777 1538 disjectioues
785 1476 931 1530 wnuum,
942 1458 1141 1527 districtiones,
1152 1456 1372 1533 adjectiones.

240 1560 318 1629 Quae
330 1558 430 1618 uuruia
450 1555 531 1617 nude
550 1557 608 1616 sint
629 1566 707 1627 arta,
717 1554 877 1616 admodum
892 1566 937 1616 est
949 1554 1068 1615 difficile
1081 1556 1176 1615 dictu.
1217 1551 1370 1613 munisse

240 1656 353 1716 audisis
367 1662 481 1715 testum
505 1673 541 1713 ex
565 1652 726 1713 admodum
749 1654 846 1713 lacero
866 1652 1036 1731 esemplurl,
1050 1652 1099 1710 vix
1112 1648 1341 1729 persuademur
1355 1668 1369 1717 2

240 1750 320 1819 stude
334 1751 410 1810 anim
425 1759 470 1809 tut
483 1750 684 1809 mutatiunerl
732 1750 829 1811 Aliam
843 1760 942 1811 autem
955 1770 1020 1814 essa
1032 1758 1131 1809 textus
1146 1746 1365 1807 recensionem

240 1846 281 1906 ab
293 1846 360 1925 ipsu
373 1844 536 1923 prolectam
546 1844 772 1922 lassantque
784 1846 887 1907 credet
899 1844 1086 1926 perpsutleus
1100 1856 1132 1906 et
1144 1848 1208 1905 Sat.
1221 1856 1270 1905 rt.
1281 1842 1367 1903 bre·

240 1941 361 2001 ritatem
380 1940 411 2000 iu
430 1950 532 1999 nostru
550 1941 644 2001 Muto.
662 1951 732 2001 octo
746 1949 862 2002 tautum
875 1942 1007 2002 versibus
1019 1941 1193 2012 constantis,
1207 1948 1238 1999 et
1245 1948 1365 1999 ¹assuta·

238 2037 353 2098 tionum
365 2034 519 2109 rstluuern,
533 2045 564 2095 et
583 2044 716 2096 veterum
736 2036 923 2097 Sehohmum
947 2038 1104 2099 silentium.
1145 2036 1243 2097 Alium
1260 2034 1367 2113 igitur

240 2132 395 2197 tumulus
410 2132 513 2195 turem
537 2134 566 2192 in
583 2134 733 2195 luvenalis
748 2154 884 2207 messem,
898 2136 946 2195 vin
958 2145 1016 2208 est,
1029 2133 1110 2215 qnod
1125 2134 1362 2193 dubitemusn-

242 2230 312 2303 Quo
325 2248 393 2290 veru
412 2230 449 2291 da
472 2230 537 2309 ipsa
550 2230 671 2291 Codicis
696 2231 808 2293 ratione
832 2239 956 2304 constet,
971 2232 1068 2311 deqrse
1087 2250 1122 2291 ea
1140 2226 1301 2309 judicandi
1318 2229 1365 2289 sit

240 2328 368 2391 insultat
390 2345 426 2387 aa
449 2326 660 2405 pronuntiandi
685 2328 788 2389 harum
809 2349 905 2389 rerum
927 2328 1096 2390 amantibus
1120 2327 1249 2398 arbitris,
1263 2327 1361 2388 liceat

239 2426 345 2489 afferre
366 2424 503 2505 Syllogen
518 2424 689 2485 variantium
710 2424 883 2497 lectionum,
909 2426 940 2485 in
961 2426 1117 2485 collatione
1130 2432 1361 2495 annotatarun,

241 2540 332 2604 quam
353 2521 391 2582 ad
412 2519 580 2593 editionem,
604 2540 676 2581 eura
698 2522 742 2581 M.
757 2522 787 2583 J.
800 2521 837 2583 Ρ.
851 2522 970 2593 Milleri,
983 2520 1158 2583 meritissimi
1170 2520 1239 2579 olim
1252 2521 1361 2599 Gyna-

239 2620 311 2681 aaaii
325 2618 417 2679 nostri
436 2618 582 2689 Rectorin
608 2618 736 2678 Betuliui
761 2627 849 2690 1749.
862 2620 1024 2696 vulgatam,
1046 2628 1152 2697 utpote
1174 2618 1204 2676 ia
1229 2617 1276 2676 lris
1289 2618 1359 2678 oris

240 2716 329 2776 nuile
342 2715 459 2774 obviam
474 2714 706 2793 superabilem,
717 2716 896 2779 instituimus
909 2736 955 2788 ea,
966 2736 1024 2795 qua
1035 2714 1098 2774 lieri
1108 2715 1216 2793 putuit,
1226 2713 1358 2791 diligen-

240 2810 292 2881 tia,
306 2812 347 2869 ita
360 2808 492 2887 quidem,
516 2820 550 2869 ut
571 2830 607 2871 ue
629 2812 797 2889 sphalmata
819 2813 938 2891 quidem
952 2813 1103 2891 scripturis
1115 2811 1298 2881 omittamus,
1317 2817 1360 2869 nt

240 2904 286 2963 vel
300 2904 369 2964 iude
382 2905 584 2983 perspiciatur,
601 2925 661 2985 qua
679 2926 761 2979 curs,
783 2928 880 2986 quave
898 2909 1009 2969 iueun'a
1021 2908 1070 2967 ille
1084 2906 1241 2985 scripserit.
1285 2907 1355 2965 Ab·

241 3000 383 3062 stiuamus
401 3001 439 3061 de
459 3001 602 3063 industria
615 3005 824 3083 consultuque,
839 3005 1011 3065 sententian
1024 3014 1150 3065 nostram
1164 3001 1202 3063 de
1215 3000 1352 3074 iuterna,

241 3118 302 3177 quo
315 3097 444 3158 habeant
452 3098 587 3174 juvenes,
608 3100 636 3158 iu
651 3120 712 3179 quo
731 3100 806 3159 vires
818 3102 1012 3179 experiantur,
1026 3102 1113 3161 etiam
1127 3104 1156 3160 iu
1170 3099 1227 3159 lraa
1241 3098 1354 3159 huma·

240 3192 354 3253 uiarum
368 3192 530 3253 studiorum
545 3202 639 3273 parte.
662 3196 839 3255 Exercitatis
858 3216 928 3257 vero
948 3197 1061 3275 praire,
1076 3196 1149 3276 quid
1162 3204 1241 3257 esset
1253 3195 1352 3267 aliud,

242 3305 330 3367 quarn
346 3299 469 3347 noctuas
483 3290 616 3349 Athenas
625 3293 649 3351 'l'

286 3382 413 3443 14—16.
429 3384 689 3465 Nortmsergesees
703 3396 773 3460 tres,

241 3496 329 3557 quos,
343 3498 481 3539 unacum
493 3482 564 3540 edit.
580 3482 657 3560 lips.
673 3492 773 3556 1502,
786 3496 907 3547 auctore
920 3486 967 3547 Cl.
981 3488 1150 3557 Mamerto,
1164 3487 1353 3563 comparit

242 3574 385 3653 Seybuld,
399 3576 518 3636 doctiss.
533 3578 624 3639 Cour.
638 3580 749 3658 Gprun.
763 3582 898 3644 Noriurlr.
952 3582 1049 3643 Codes
1056 3584 1186 3662 prim,
1200 3582 1352 3645 umba·

242 3688 360 3742 urceus,
388 3670 525 3749 idemque
548 3674 767 3754 antiquissimus
792 3677 1111 3757 emendatissimuaque,
1133 3679 1163 3737 in
1190 3679 1351 3756 splendida

242 3766 421 3827 bibliothece
438 3768 597 3827 Ebueriana
612 3782 788 3845 asservatur,
802 3783 832 3832 et
845 3775 965 3834 mutilus
979 3784 1043 3835 est:
1058 3774 1347 3837 desideranturenint

242 3862 272 3923 in
286 3882 323 3923 eo
338 3864 399 3923 Sst.
414 3878 460 3924 vr.
476 3860 646 3934 269-303.
678 3882 758 3926 vnr.
776 3868 883 3930 1-63.
910 3887 945 3930 x.
960 3878 1072 3940 9-70.
1107 3890 1158 3931 xr.
1177 3880 1346 3936 rau-208.

244 3960 368 4039 Margiui
389 3961 456 4039 ejus
478 3960 614 4040 ascriptae
629 3972 697 4022 suut
711 3964 823 4041 glosa,
838 3969 889 4029 sed
903 3968 993 4029 literis
1006 3970 1219 4045 minutissimis,
1230 3980 1263 4032 at
1275 3992 1347 4033 nuu-

244 4074 393 4135 nunquam
407 4056 494 4119 valde
507 4058 633 4137 pallidis,
643 4059 689 4118 vel
701 4064 867 4135 maculatis,
882 4066 930 4125 rel
939 4067 1015 4125 adeo
1028 4067 1111 4138 rasis,
1122 4087 1190 4147 quar
1203 4086 1255 4129 eas
1268 4070 1350 4131 lecta

244 4148 430 4215 diffisillimas
442 4153 580 4221 reddunt.
621 4154 757 4237 Reliqua,
778 4178 848 4239 quse
868 4162 907 4222 sd
930 4162 1010 4225 uuus
1033 4164 1178 4227 Caelium
1200 4176 1347 4246 anesten,
