<?xml version="1.0" encoding="UTF-8"?>
<!DOCTYPE html PUBLIC "-//W3C//DTD XHTML 1.0 Transitional//EN"
    "http://www.w3.org/TR/xhtml1/DTD/xhtml1-transitional.dtd">
<html xmlns="http://www.w3.org/1999/xhtml" xml:lang="en" lang="en">
 <head>
  <title>
</title>
<meta http-equiv="Content-Type" content="text/html;charset=utf-8" />
  <meta name='ocr-system' content='tesseract 3.04.00' />
  <meta name='ocr-capabilities' content='ocr_page ocr_carea ocr_par ocr_line ocrx_word'/>
</head>
<body>
  <div class='ocr_page' id='page_1' title='image "./djuniijuvenalis00unkngoog/djuniijuvenalis00unkngoog_0497.png"; bbox 0 0 2850 4817; ppageno 0'>
   <div class='ocr_carea' id='block_1_1' title="bbox 490 392 1178 485">
    <p class='ocr_par' dir='ltr' id='par_1_1' title="bbox 490 392 1178 485">
     <span class='ocr_line' id='line_1_1' title="bbox 490 392 1178 485; baseline 0.003 -28"><span class='ocrx_word' id='word_1_1' title='bbox 490 408 616 459; x_wconf 75' lang='lat' dir='ltr'>annau</span> <span class='ocrx_word' id='word_1_2' title='bbox 660 406 741 457; x_wconf 76' lang='lat' dir='ltr'>sar.</span> <span class='ocrx_word' id='word_1_3' title='bbox 766 404 792 459; x_wconf 92' lang='grc' dir='ltr'>ι.</span> <span class='ocrx_word' id='word_1_4' title='bbox 1111 392 1178 485; x_wconf 69' lang='lat' dir='ltr'>lii</span> 
     </span>
    </p>
   </div>
   <div class='ocr_carea' id='block_1_2' title="bbox 50 548 1192 4330">
    <p class='ocr_par' dir='ltr' id='par_1_2' title="bbox 50 548 1192 4330">
     <span class='ocr_line' id='line_1_2' title="bbox 50 548 1177 617; baseline 0.001 -14"><span class='ocrx_word' id='word_1_5' title='bbox 50 552 325 614; x_wconf 72' lang='lat' dir='ltr'>animi-ilmina,</span> <span class='ocrx_word' id='word_1_6' title='bbox 340 552 395 617; x_wconf 61' lang='lat' dir='ltr'>ia]</span> <span class='ocrx_word' id='word_1_7' title='bbox 416 552 538 602; x_wconf 69' lang='lat' dir='ltr'>(ineunt</span> <span class='ocrx_word' id='word_1_8' title='bbox 556 556 608 613; x_wconf 87' lang='lat' dir='ltr'>eut,</span> <span class='ocrx_word' id='word_1_9' title='bbox 645 548 679 601; x_wconf 84' lang='lat' dir='ltr'>sia</span> <span class='ocrx_word' id='word_1_10' title='bbox 688 548 745 601; x_wconf 80' lang='lat' dir='ltr'>usse</span> <span class='ocrx_word' id='word_1_11' title='bbox 758 554 818 601; x_wconf 86' lang='lat' dir='ltr'>sont</span> <span class='ocrx_word' id='word_1_12' title='bbox 828 564 887 601; x_wconf 86' lang='lat' dir='ltr'>uum</span> <span class='ocrx_word' id='word_1_13' title='bbox 899 550 977 615; x_wconf 69' lang='lat' dir='ltr'>vulgo</span> <span class='ocrx_word' id='word_1_14' title='bbox 987 548 1177 616; x_wconf 72' lang='lat' dir='ltr'><strong>interpretum</strong></span> 
     </span>
     <span class='ocr_line' id='line_1_3' title="bbox 51 626 1178 691; baseline -0.001 -12"><span class='ocrx_word' id='word_1_15' title='bbox 51 628 168 679; x_wconf 63' lang='lat' dir='ltr'>&amp;arri</span> <span class='ocrx_word' id='word_1_16' title='bbox 181 627 257 679; x_wconf 75' lang='lat' dir='ltr'>wir.</span> <span class='ocrx_word' id='word_1_17' title='bbox 278 628 333 678; x_wconf 84' lang='lat' dir='ltr'>Vet.</span> <span class='ocrx_word' id='word_1_18' title='bbox 352 628 468 677; x_wconf 73' lang='lat' dir='ltr'>Solu-0</span> <span class='ocrx_word' id='word_1_19' title='bbox 487 632 609 691; x_wconf 65' lang='lat' dir='ltr'>mess,</span> <span class='ocrx_word' id='word_1_20' title='bbox 646 626 692 677; x_wconf 80' lang='lat' dir='ltr'>seo</span> <span class='ocrx_word' id='word_1_21' title='bbox 704 627 761 691; x_wconf 85' lang='lat' dir='ltr'>ejus</span> <span class='ocrx_word' id='word_1_22' title='bbox 772 626 902 691; x_wconf 79' lang='lat' dir='ltr'>familiari,</span> <span class='ocrx_word' id='word_1_23' title='bbox 911 642 957 677; x_wconf 85' lang='lat' dir='ltr'>seu</span> <span class='ocrx_word' id='word_1_24' title='bbox 968 628 1097 688; x_wconf 84' lang='lat' dir='ltr'>monitori,</span> <span class='ocrx_word' id='word_1_25' title='bbox 1108 642 1178 678; x_wconf 84' lang='lat' dir='ltr'>men·</span> 
     </span>
     <span class='ocr_line' id='line_1_4' title="bbox 53 703 1178 771; baseline -0.004 -16"><span class='ocrx_word' id='word_1_26' title='bbox 53 707 121 771; x_wconf 55' lang='lat' dir='ltr'>qm]</span> <span class='ocrx_word' id='word_1_27' title='bbox 152 706 187 755; x_wconf 88' lang='lat' dir='ltr'>lsi</span> <span class='ocrx_word' id='word_1_28' title='bbox 199 713 248 767; x_wconf 87' lang='lat' dir='ltr'>est,</span> <span class='ocrx_word' id='word_1_29' title='bbox 260 708 364 758; x_wconf 78' lang='lat' dir='ltr'>Quanta</span> <span class='ocrx_word' id='word_1_30' title='bbox 377 706 487 765; x_wconf 82' lang='lat' dir='ltr'>vanites,</span> <span class='ocrx_word' id='word_1_31' title='bbox 498 704 610 754; x_wconf 87' lang='lat' dir='ltr'>stultitia</span> <span class='ocrx_word' id='word_1_32' title='bbox 645 709 699 753; x_wconf 87' lang='lat' dir='ltr'>tem</span> <span class='ocrx_word' id='word_1_33' title='bbox 710 718 783 753; x_wconf 87' lang='lat' dir='ltr'>snam</span> <span class='ocrx_word' id='word_1_34' title='bbox 795 703 1178 769; x_wconf 71' lang='lat' dir='ltr'>pleniusexpiiuanti.-illrpe,</span> 
     </span>
     <span class='ocr_line' id='line_1_5' title="bbox 57 780 1179 845; baseline -0.002 -12"><span class='ocrx_word' id='word_1_35' title='bbox 57 792 92 833; x_wconf 84' lang='lat' dir='ltr'>et</span> <span class='ocrx_word' id='word_1_36' title='bbox 106 783 220 834; x_wconf 68' lang='lat' dir='ltr'>cacitas</span> <span class='ocrx_word' id='word_1_37' title='bbox 232 790 272 831; x_wconf 88' lang='lat' dir='ltr'>est</span> <span class='ocrx_word' id='word_1_38' title='bbox 284 784 311 831; x_wconf 92' lang='lat' dir='ltr'>iu</span> <span class='ocrx_word' id='word_1_39' title='bbox 322 784 398 832; x_wconf 84' lang='lat' dir='ltr'>rebus</span> <span class='ocrx_word' id='word_1_40' title='bbox 409 784 541 832; x_wconf 82' lang='lat' dir='ltr'>lunmanisl</span> <span class='ocrx_word' id='word_1_41' title='bbox 561 784 609 831; x_wconf 84' lang='lat' dir='ltr'>Est</span> <span class='ocrx_word' id='word_1_42' title='bbox 644 780 697 843; x_wconf 66' lang='grc' dir='ltr'>Μ</span> <span class='ocrx_word' id='word_1_43' title='bbox 724 780 798 841; x_wconf 84' lang='lat' dir='ltr'>ideo,</span> <span class='ocrx_word' id='word_1_44' title='bbox 810 795 861 829; x_wconf 88' lang='lat' dir='ltr'>nun</span> <span class='ocrx_word' id='word_1_45' title='bbox 874 782 933 845; x_wconf 87' lang='lat' dir='ltr'>quia</span> <span class='ocrx_word' id='word_1_46' title='bbox 944 780 1037 829; x_wconf 89' lang='lat' dir='ltr'>nemini</span> <span class='ocrx_word' id='word_1_47' title='bbox 1047 781 1081 829; x_wconf 86' lang='lat' dir='ltr'>sit</span> <span class='ocrx_word' id='word_1_48' title='bbox 1092 780 1179 845; x_wconf 81' lang='lat' dir='ltr'>proin·</span> 
     </span>
     <span class='ocr_line' id='line_1_6' title="bbox 57 856 1180 922; baseline -0.002 -15"><span class='ocrx_word' id='word_1_49' title='bbox 57 866 160 908; x_wconf 88' lang='lat' dir='ltr'>autem</span> <span class='ocrx_word' id='word_1_50' title='bbox 180 860 258 922; x_wconf 87' lang='lat' dir='ltr'>piane</span> <span class='ocrx_word' id='word_1_51' title='bbox 274 859 398 907; x_wconf 79' lang='lat' dir='ltr'>tirmcum</span> <span class='ocrx_word' id='word_1_52' title='bbox 415 857 472 907; x_wconf 80' lang='lat' dir='ltr'>loos</span> <span class='ocrx_word' id='word_1_53' title='bbox 488 856 608 907; x_wconf 73' lang='lat' dir='ltr'>riseris.</span> <span class='ocrx_word' id='word_1_54' title='bbox 646 862 720 904; x_wconf 86' lang='lat' dir='ltr'>turus</span> <span class='ocrx_word' id='word_1_55' title='bbox 740 856 826 905; x_wconf 86' lang='lat' dir='ltr'>Persii</span> <span class='ocrx_word' id='word_1_56' title='bbox 843 856 926 917; x_wconf 90' lang='lat' dir='ltr'>isbos,</span> <span class='ocrx_word' id='word_1_57' title='bbox 942 870 1031 906; x_wconf 84' lang='lat' dir='ltr'>rernm</span> <span class='ocrx_word' id='word_1_58' title='bbox 1049 857 1108 921; x_wconf 80' lang='lat' dir='ltr'>quia</span> <span class='ocrx_word' id='word_1_59' title='bbox 1123 858 1180 906; x_wconf 93' lang='lat' dir='ltr'>nul-</span> 
     </span>
     <span class='ocr_line' id='line_1_7' title="bbox 57 929 1180 999; baseline -0.002 -14"><span class='ocrx_word' id='word_1_60' title='bbox 57 936 172 985; x_wconf 84' lang='lat' dir='ltr'>Verum</span> <span class='ocrx_word' id='word_1_61' title='bbox 183 950 233 999; x_wconf 88' lang='lat' dir='ltr'>per</span> <span class='ocrx_word' id='word_1_62' title='bbox 250 937 321 985; x_wconf 73' lang='lat' dir='ltr'>inore</span> <span class='ocrx_word' id='word_1_63' title='bbox 338 936 387 984; x_wconf 80' lang='lat' dir='ltr'>hoc</span> <span class='ocrx_word' id='word_1_64' title='bbox 403 935 461 983; x_wconf 86' lang='lat' dir='ltr'>loeo</span> <span class='ocrx_word' id='word_1_65' title='bbox 477 934 610 997; x_wconf 70' lang='lat' dir='ltr'>iutelligit,</span> <span class='ocrx_word' id='word_1_66' title='bbox 646 929 698 978; x_wconf 86' lang='lat' dir='ltr'>iam</span> <span class='ocrx_word' id='word_1_67' title='bbox 709 930 810 979; x_wconf 80' lang='lat' dir='ltr'>aisetori</span> <span class='ocrx_word' id='word_1_68' title='bbox 829 930 938 993; x_wconf 76' lang='lat' dir='ltr'>gratiam</span> <span class='ocrx_word' id='word_1_69' title='bbox 957 939 1003 981; x_wconf 86' lang='lat' dir='ltr'>ent</span> <span class='ocrx_word' id='word_1_70' title='bbox 1021 932 1127 995; x_wconf 78' lang='lat' dir='ltr'>gloriam</span> <span class='ocrx_word' id='word_1_71' title='bbox 1144 932 1180 983; x_wconf 86' lang='lat' dir='ltr'>eit</span> 
     </span>
     <span class='ocr_line' id='line_1_8' title="bbox 61 1005 1182 1073; baseline 0 -16"><span class='ocrx_word' id='word_1_72' title='bbox 61 1008 611 1071; x_wconf 53' lang='lat' dir='ltr'>vanffiutuitusetambitiosuuetmlig·</span> <span class='ocrx_word' id='word_1_73' title='bbox 647 1006 781 1055; x_wconf 78' lang='lat' dir='ltr'>allaturus.</span> <span class='ocrx_word' id='word_1_74' title='bbox 812 1005 882 1055; x_wconf 83' lang='lat' dir='ltr'>illud</span> <span class='ocrx_word' id='word_1_75' title='bbox 902 1007 1182 1073; x_wconf 78' lang='lat' dir='ltr'>priussepientempo·</span> 
     </span>
     <span class='ocr_line' id='line_1_9' title="bbox 60 1082 1181 1149; baseline -0.002 -14"><span class='ocrx_word' id='word_1_76' title='bbox 60 1104 121 1147; x_wconf 82' lang='lat' dir='ltr'>eos,</span> <span class='ocrx_word' id='word_1_77' title='bbox 143 1086 171 1135; x_wconf 82' lang='lat' dir='ltr'>isi</span> <span class='ocrx_word' id='word_1_78' title='bbox 194 1094 245 1149; x_wconf 87' lang='lat' dir='ltr'>est,</span> <span class='ocrx_word' id='word_1_79' title='bbox 268 1085 358 1135; x_wconf 81' lang='lat' dir='ltr'>luania</span> <span class='ocrx_word' id='word_1_80' title='bbox 381 1086 470 1148; x_wconf 72' lang='lat' dir='ltr'>glorie</span> <span class='ocrx_word' id='word_1_81' title='bbox 491 1084 610 1149; x_wconf 77' lang='lat' dir='ltr'>eupitius.</span> <span class='ocrx_word' id='word_1_82' title='bbox 648 1088 844 1131; x_wconf 84' lang='lat' dir='ltr'>teratmosere:</span> <span class='ocrx_word' id='word_1_83' title='bbox 861 1082 910 1131; x_wconf 80' lang='lat' dir='ltr'>lroe</span> <span class='ocrx_word' id='word_1_84' title='bbox 929 1084 1056 1145; x_wconf 76' lang='lat' dir='ltr'>posterius</span> <span class='ocrx_word' id='word_1_85' title='bbox 1064 1084 1181 1145; x_wconf 80' lang='lat' dir='ltr'>jureex·</span> 
     </span>
     <span class='ocr_line' id='line_1_10' title="bbox 61 1158 1180 1227; baseline -0.003 -15"><span class='ocrx_word' id='word_1_86' title='bbox 61 1164 122 1213; x_wconf 77' lang='lat' dir='ltr'>Vel</span> <span class='ocrx_word' id='word_1_87' title='bbox 141 1164 194 1213; x_wconf 83' lang='lat' dir='ltr'>lruc</span> <span class='ocrx_word' id='word_1_88' title='bbox 205 1176 236 1211; x_wconf 88' lang='lat' dir='ltr'>eo</span> <span class='ocrx_word' id='word_1_89' title='bbox 250 1169 363 1226; x_wconf 83' lang='lat' dir='ltr'>spectat,</span> <span class='ocrx_word' id='word_1_90' title='bbox 375 1164 435 1227; x_wconf 79' lang='lat' dir='ltr'>quis</span> <span class='ocrx_word' id='word_1_91' title='bbox 445 1163 560 1213; x_wconf 71' lang='lat' dir='ltr'>numism</span> <span class='ocrx_word' id='word_1_92' title='bbox 569 1176 610 1211; x_wconf 81' lang='lat' dir='ltr'>res</span> <span class='ocrx_word' id='word_1_93' title='bbox 648 1158 765 1221; x_wconf 87' lang='lat' dir='ltr'>ploditur</span> <span class='ocrx_word' id='word_1_94' title='bbox 777 1174 792 1207; x_wconf 89' lang='lat' dir='ltr'>a</span> <span class='ocrx_word' id='word_1_95' title='bbox 803 1158 1030 1221; x_wconf 76' lang='lat' dir='ltr'>Persio-Quoue]</span> <span class='ocrx_word' id='word_1_96' title='bbox 1047 1159 1118 1210; x_wconf 80' lang='lat' dir='ltr'>Qrsisi</span> <span class='ocrx_word' id='word_1_97' title='bbox 1129 1168 1180 1221; x_wconf 86' lang='lat' dir='ltr'>est,</span> 
     </span>
     <span class='ocr_line' id='line_1_11' title="bbox 62 1236 1182 1301; baseline -0.004 -11"><span class='ocrx_word' id='word_1_98' title='bbox 62 1240 131 1290; x_wconf 84' lang='lat' dir='ltr'>iliae</span> <span class='ocrx_word' id='word_1_99' title='bbox 143 1238 439 1301; x_wconf 62' lang='lat' dir='ltr'>sectantumfiueiuani.</span> <span class='ocrx_word' id='word_1_100' title='bbox 457 1238 558 1288; x_wconf 75' lang='lat' dir='ltr'>cessei.</span> <span class='ocrx_word' id='word_1_101' title='bbox 648 1236 734 1299; x_wconf 86' lang='lat' dir='ltr'>inquit</span> <span class='ocrx_word' id='word_1_102' title='bbox 751 1236 865 1299; x_wconf 75' lang='lat' dir='ltr'>Persius,</span> <span class='ocrx_word' id='word_1_103' title='bbox 885 1250 932 1285; x_wconf 84' lang='lat' dir='ltr'>our</span> <span class='ocrx_word' id='word_1_104' title='bbox 951 1244 1027 1300; x_wconf 88' lang='lat' dir='ltr'>turpe</span> <span class='ocrx_word' id='word_1_105' title='bbox 1039 1244 1067 1285; x_wconf 89' lang='lat' dir='ltr'>et</span> <span class='ocrx_word' id='word_1_106' title='bbox 1078 1237 1182 1287; x_wconf 87' lang='lat' dir='ltr'>misese-</span> 
     </span>
     <span class='ocr_line' id='line_1_12' title="bbox 104 1311 1181 1378; baseline -0.003 -13"><span class='ocrx_word' id='word_1_107' title='bbox 104 1321 124 1365; x_wconf 70' lang='lat'>2</span> <span class='ocrx_word' id='word_1_108' title='bbox 143 1314 277 1378; x_wconf 59' lang='lat' dir='ltr'>Quinta]</span> <span class='ocrx_word' id='word_1_109' title='bbox 295 1314 374 1363; x_wconf 81' lang='lat' dir='ltr'>iiuue</span> <span class='ocrx_word' id='word_1_110' title='bbox 386 1314 612 1363; x_wconf 79' lang='lat' dir='ltr'>versomsieimol-</span> <span class='ocrx_word' id='word_1_111' title='bbox 649 1311 701 1360; x_wconf 85' lang='lat' dir='ltr'>bile</span> <span class='ocrx_word' id='word_1_112' title='bbox 718 1312 882 1374; x_wconf 79' lang='lat' dir='ltr'>pronuncies,</span> <span class='ocrx_word' id='word_1_113' title='bbox 901 1312 923 1361; x_wconf 88' lang='lat' dir='ltr'>si</span> <span class='ocrx_word' id='word_1_114' title='bbox 944 1314 1052 1376; x_wconf 79' lang='lat' dir='ltr'>Satyrus</span> <span class='ocrx_word' id='word_1_115' title='bbox 1068 1312 1181 1362; x_wconf 81' lang='lat' dir='ltr'>scribam</span> 
     </span>
     <span class='ocr_line' id='line_1_13' title="bbox 64 1387 1182 1455; baseline -0.003 -14"><span class='ocrx_word' id='word_1_116' title='bbox 64 1392 99 1441; x_wconf 95' lang='lat' dir='ltr'>iil</span> <span class='ocrx_word' id='word_1_117' title='bbox 113 1390 356 1455; x_wconf 87' lang='lat' dir='ltr'>prlmotsaustaiit.</span> <span class='ocrx_word' id='word_1_118' title='bbox 384 1390 437 1439; x_wconf 78' lang='lat' dir='ltr'>Vet.</span> <span class='ocrx_word' id='word_1_119' title='bbox 449 1388 613 1451; x_wconf 72' lang='lat' dir='ltr'>Set-Quia,</span> <span class='ocrx_word' id='word_1_120' title='bbox 649 1400 714 1451; x_wconf 68' lang='lat' dir='ltr'>illm</span> <span class='ocrx_word' id='word_1_121' title='bbox 734 1401 808 1437; x_wconf 80' lang='lat' dir='ltr'>nemo</span> <span class='ocrx_word' id='word_1_122' title='bbox 830 1387 865 1437; x_wconf 90' lang='lat' dir='ltr'>sit</span> <span class='ocrx_word' id='word_1_123' title='bbox 886 1388 1017 1437; x_wconf 82' lang='lat' dir='ltr'>lermrns?</span> <span class='ocrx_word' id='word_1_124' title='bbox 1039 1402 1133 1451; x_wconf 86' lang='lat' dir='ltr'>nempe</span> <span class='ocrx_word' id='word_1_125' title='bbox 1144 1388 1182 1438; x_wconf 90' lang='lat' dir='ltr'>ita</span> 
     </span>
     <span class='ocr_line' id='line_1_14' title="bbox 65 1462 1181 1529; baseline -0.003 -12"><span class='ocrx_word' id='word_1_126' title='bbox 65 1466 128 1529; x_wconf 52' lang='lat' dir='ltr'>to]</span> <span class='ocrx_word' id='word_1_127' title='bbox 147 1466 287 1529; x_wconf 67' lang='lat' dir='ltr'>Haecergo</span> <span class='ocrx_word' id='word_1_128' title='bbox 297 1465 392 1514; x_wconf 73' lang='lat' dir='ltr'>omia:</span> <span class='ocrx_word' id='word_1_129' title='bbox 405 1462 613 1526; x_wconf 68' lang='lat' dir='ltr'>Quirisgetioeei</span> <span class='ocrx_word' id='word_1_130' title='bbox 643 1462 756 1526; x_wconf 81' lang='lat' dir='ltr'>judices,</span> <span class='ocrx_word' id='word_1_131' title='bbox 767 1462 800 1513; x_wconf 89' lang='lat' dir='ltr'>de</span> <span class='ocrx_word' id='word_1_132' title='bbox 817 1464 1007 1512; x_wconf 84' lang='lat' dir='ltr'>existimatione</span> <span class='ocrx_word' id='word_1_133' title='bbox 1020 1478 1078 1512; x_wconf 86' lang='lat' dir='ltr'>mes</span> <span class='ocrx_word' id='word_1_134' title='bbox 1093 1470 1181 1513; x_wconf 85' lang='lat' dir='ltr'>aetum</span> 
     </span>
     <span class='ocr_line' id='line_1_15' title="bbox 66 1537 1181 1604; baseline 0.001 -14"><span class='ocrx_word' id='word_1_135' title='bbox 66 1547 137 1591; x_wconf 82' lang='lat' dir='ltr'>aaut</span> <span class='ocrx_word' id='word_1_136' title='bbox 159 1540 235 1590; x_wconf 72' lang='lat' dir='ltr'>amici</span> <span class='ocrx_word' id='word_1_137' title='bbox 256 1556 302 1589; x_wconf 86' lang='lat' dir='ltr'>seu</span> <span class='ocrx_word' id='word_1_138' title='bbox 327 1540 460 1590; x_wconf 88' lang='lat' dir='ltr'>monitoris</span> <span class='ocrx_word' id='word_1_139' title='bbox 477 1540 612 1604; x_wconf 81' lang='lat' dir='ltr'>cujusdam</span> <span class='ocrx_word' id='word_1_140' title='bbox 649 1552 706 1587; x_wconf 79' lang='lat' dir='ltr'>esse</span> <span class='ocrx_word' id='word_1_141' title='bbox 718 1544 745 1587; x_wconf 90' lang='lat' dir='ltr'>et</span> <span class='ocrx_word' id='word_1_142' title='bbox 765 1537 886 1601; x_wconf 81' lang='lat' dir='ltr'>fortunis,</span> <span class='ocrx_word' id='word_1_143' title='bbox 904 1539 926 1587; x_wconf 89' lang='lat' dir='ltr'>si</span> <span class='ocrx_word' id='word_1_144' title='bbox 944 1538 1181 1602; x_wconf 83' lang='lat' dir='ltr'>pesslmnsandiam</span> 
     </span>
     <span class='ocr_line' id='line_1_16' title="bbox 68 1614 1183 1680; baseline -0.003 -13"><span class='ocrx_word' id='word_1_145' title='bbox 68 1615 433 1680; x_wconf 79' lang='lat' dir='ltr'>Persioprmslieeutis,qnosi</span> <span class='ocrx_word' id='word_1_146' title='bbox 442 1618 613 1679; x_wconf 77' lang='lat' dir='ltr'>pauoossaee·</span> <span class='ocrx_word' id='word_1_147' title='bbox 649 1615 801 1675; x_wconf 71' lang='lat' dir='ltr'>Poitsrnrn,</span> <span class='ocrx_word' id='word_1_148' title='bbox 817 1620 845 1663; x_wconf 91' lang='lat' dir='ltr'>et</span> <span class='ocrx_word' id='word_1_149' title='bbox 863 1614 964 1663; x_wconf 84' lang='lat' dir='ltr'>libellos</span> <span class='ocrx_word' id='word_1_150' title='bbox 984 1628 1055 1662; x_wconf 87' lang='lat' dir='ltr'>meos</span> <span class='ocrx_word' id='word_1_151' title='bbox 1065 1616 1106 1662; x_wconf 83' lang='lat' dir='ltr'>rel</span> <span class='ocrx_word' id='word_1_152' title='bbox 1117 1614 1183 1664; x_wconf 68' lang='lat' dir='ltr'>Poe-</span> 
     </span>
     <span class='ocr_line' id='line_1_17' title="bbox 68 1691 1182 1754; baseline -0.001 -12"><span class='ocrx_word' id='word_1_153' title='bbox 68 1693 196 1742; x_wconf 86' lang='lat' dir='ltr'>toresait</span> <span class='ocrx_word' id='word_1_154' title='bbox 213 1692 356 1742; x_wconf 78' lang='lat' dir='ltr'>babituros.</span> <span class='ocrx_word' id='word_1_155' title='bbox 388 1691 469 1743; x_wconf 75' lang='lat' dir='ltr'>Quasi</span> <span class='ocrx_word' id='word_1_156' title='bbox 480 1692 614 1743; x_wconf 77' lang='lat' dir='ltr'>‹liestmo-</span> <span class='ocrx_word' id='word_1_157' title='bbox 648 1692 725 1739; x_wconf 85' lang='lat' dir='ltr'>matis</span> <span class='ocrx_word' id='word_1_158' title='bbox 749 1691 886 1751; x_wconf 82' lang='lat' dir='ltr'>Labeonis,</span> <span class='ocrx_word' id='word_1_159' title='bbox 907 1704 983 1754; x_wconf 88' lang='lat' dir='ltr'>quem</span> <span class='ocrx_word' id='word_1_160' title='bbox 1005 1691 1068 1754; x_wconf 70' lang='lat' dir='ltr'>legit</span> <span class='ocrx_word' id='word_1_161' title='bbox 1097 1704 1182 1753; x_wconf 88' lang='lat' dir='ltr'>nemo,</span> 
     </span>
     <span class='ocr_line' id='line_1_18' title="bbox 69 1766 1180 1830; baseline 0.003 -15"><span class='ocrx_word' id='word_1_162' title='bbox 69 1768 168 1817; x_wconf 77' lang='lat' dir='ltr'>nitor:</span> <span class='ocrx_word' id='word_1_163' title='bbox 186 1767 310 1817; x_wconf 76' lang='lat' dir='ltr'>Quisnam</span> <span class='ocrx_word' id='word_1_164' title='bbox 326 1766 377 1816; x_wconf 73' lang='lat' dir='ltr'>iae</span> <span class='ocrx_word' id='word_1_165' title='bbox 391 1774 446 1826; x_wconf 87' lang='lat' dir='ltr'>tna,</span> <span class='ocrx_word' id='word_1_166' title='bbox 463 1768 530 1818; x_wconf 78' lang='lat' dir='ltr'>lane</span> <span class='ocrx_word' id='word_1_167' title='bbox 541 1774 613 1817; x_wconf 89' lang='lat' dir='ltr'>tuem</span> <span class='ocrx_word' id='word_1_168' title='bbox 649 1774 810 1830; x_wconf 86' lang='lat' dir='ltr'>postponent</span> <span class='ocrx_word' id='word_1_169' title='bbox 840 1766 911 1815; x_wconf 86' lang='lat' dir='ltr'>Nero</span> <span class='ocrx_word' id='word_1_170' title='bbox 940 1766 1027 1815; x_wconf 82' lang='lat' dir='ltr'>etalii</span> <span class='ocrx_word' id='word_1_171' title='bbox 1049 1780 1180 1829; x_wconf 81' lang='lat' dir='ltr'>proceres.</span> 
     </span>
     <span class='ocr_line' id='line_1_19' title="bbox 71 1842 1182 1908; baseline 0 -16"><span class='ocrx_word' id='word_1_172' title='bbox 71 1843 200 1905; x_wconf 79' lang='lat' dir='ltr'>Satyrum</span> <span class='ocrx_word' id='word_1_173' title='bbox 218 1844 351 1906; x_wconf 87' lang='lat' dir='ltr'>supercilii</span> <span class='ocrx_word' id='word_1_174' title='bbox 379 1851 408 1894; x_wconf 89' lang='lat' dir='ltr'>et</span> <span class='ocrx_word' id='word_1_175' title='bbox 427 1858 543 1893; x_wconf 76' lang='lat' dir='ltr'>censurae</span> <span class='ocrx_word' id='word_1_176' title='bbox 559 1844 614 1907; x_wconf 83' lang='lat' dir='ltr'>ple·</span> <span class='ocrx_word' id='word_1_177' title='bbox 650 1844 880 1908; x_wconf 64' lang='lat' dir='ltr'>cossam-Quare]</span> <span class='ocrx_word' id='word_1_178' title='bbox 908 1842 1022 1893; x_wconf 82' lang='lat' dir='ltr'>Lubinus</span> <span class='ocrx_word' id='word_1_179' title='bbox 1050 1842 1106 1891; x_wconf 83' lang='lat' dir='ltr'>snit</span> <span class='ocrx_word' id='word_1_180' title='bbox 1132 1842 1182 1893; x_wconf 85' lang='lat' dir='ltr'>hoe</span> 
     </span>
     <span class='ocr_line' id='line_1_20' title="bbox 70 1917 1183 1983; baseline 0.001 -16"><span class='ocrx_word' id='word_1_181' title='bbox 70 1932 148 1981; x_wconf 87' lang='lat' dir='ltr'>uam,</span> <span class='ocrx_word' id='word_1_182' title='bbox 158 1919 208 1967; x_wconf 82' lang='lat' dir='ltr'>itoc</span> <span class='ocrx_word' id='word_1_183' title='bbox 218 1926 349 1967; x_wconf 86' lang='lat' dir='ltr'>austerum</span> <span class='ocrx_word' id='word_1_184' title='bbox 360 1924 433 1968; x_wconf 87' lang='lat' dir='ltr'>tuam</span> <span class='ocrx_word' id='word_1_185' title='bbox 444 1917 551 1981; x_wconf 71' lang='lat' dir='ltr'>Poime,</span> <span class='ocrx_word' id='word_1_186' title='bbox 560 1932 613 1983; x_wconf 85' lang='lat' dir='ltr'>quo</span> <span class='ocrx_word' id='word_1_187' title='bbox 649 1934 706 1972; x_wconf 81' lang='lat' dir='ltr'>esse</span> <span class='ocrx_word' id='word_1_188' title='bbox 717 1920 823 1969; x_wconf 81' lang='lat' dir='ltr'>verbum</span> <span class='ocrx_word' id='word_1_189' title='bbox 832 1920 906 1969; x_wconf 84' lang='lat' dir='ltr'>amici</span> <span class='ocrx_word' id='word_1_190' title='bbox 916 1918 1057 1975; x_wconf 85' lang='lat' dir='ltr'>monitoris,</span> <span class='ocrx_word' id='word_1_191' title='bbox 1065 1918 1183 1968; x_wconf 83' lang='lat' dir='ltr'>Persium</span> 
     </span>
     <span class='ocr_line' id='line_1_21' title="bbox 72 1993 1184 2061; baseline 0 -16"><span class='ocrx_word' id='word_1_192' title='bbox 72 2002 107 2045; x_wconf 86' lang='lat' dir='ltr'>tu</span> <span class='ocrx_word' id='word_1_193' title='bbox 129 1993 196 2044; x_wconf 83' lang='lat' dir='ltr'>vitia</span> <span class='ocrx_word' id='word_1_194' title='bbox 213 1994 388 2043; x_wconf 77' lang='lat' dir='ltr'>Rmuanorsm</span> <span class='ocrx_word' id='word_1_195' title='bbox 413 2001 497 2053; x_wconf 80' lang='lat' dir='ltr'>taxea,</span> <span class='ocrx_word' id='word_1_196' title='bbox 520 1994 612 2057; x_wconf 69' lang='lat' dir='ltr'>leget?</span> <span class='ocrx_word' id='word_1_197' title='bbox 649 1996 723 2061; x_wconf 84' lang='lat' dir='ltr'>quasi</span> <span class='ocrx_word' id='word_1_198' title='bbox 734 1996 900 2045; x_wconf 76' lang='lat' dir='ltr'>consolaturi.</span> <span class='ocrx_word' id='word_1_199' title='bbox 919 1996 999 2047; x_wconf 80' lang='lat' dir='ltr'>Quasi</span> <span class='ocrx_word' id='word_1_200' title='bbox 1012 1994 1100 2045; x_wconf 80' lang='lat' dir='ltr'>dicut:</span> <span class='ocrx_word' id='word_1_201' title='bbox 1115 1994 1184 2045; x_wconf 82' lang='lat' dir='ltr'>Nam</span> 
     </span>
     <span class='ocr_line' id='line_1_22' title="bbox 73 2068 1184 2135; baseline -0.001 -14"><span class='ocrx_word' id='word_1_202' title='bbox 73 2070 247 2135; x_wconf 67' lang='lat' dir='ltr'>-Mis’‚lso.]</span> <span class='ocrx_word' id='word_1_203' title='bbox 261 2070 351 2119; x_wconf 81' lang='lat' dir='ltr'>Verba</span> <span class='ocrx_word' id='word_1_204' title='bbox 361 2077 419 2119; x_wconf 81' lang='grc' dir='ltr'><strong>ιιιιιι</strong></span> <span class='ocrx_word' id='word_1_205' title='bbox 430 2069 525 2131; x_wconf 87' lang='lat' dir='ltr'>Persii,</span> <span class='ocrx_word' id='word_1_206' title='bbox 536 2068 613 2118; x_wconf 84' lang='lat' dir='ltr'>amiel</span> <span class='ocrx_word' id='word_1_207' title='bbox 649 2072 708 2133; x_wconf 78' lang='lat' dir='ltr'>hoe,</span> <span class='ocrx_word' id='word_1_208' title='bbox 719 2086 734 2120; x_wconf 95' lang='lat' dir='ltr'>o</span> <span class='ocrx_word' id='word_1_209' title='bbox 746 2072 831 2133; x_wconf 85' lang='lat' dir='ltr'>Persi,</span> <span class='ocrx_word' id='word_1_210' title='bbox 841 2078 918 2135; x_wconf 81' lang='lat' dir='ltr'>turpe</span> <span class='ocrx_word' id='word_1_211' title='bbox 930 2078 957 2121; x_wconf 91' lang='lat' dir='ltr'>et</span> <span class='ocrx_word' id='word_1_212' title='bbox 968 2070 1113 2121; x_wconf 77' lang='lat' dir='ltr'>miserabile</span> <span class='ocrx_word' id='word_1_213' title='bbox 1125 2084 1184 2120; x_wconf 87' lang='lat' dir='ltr'>esse</span> 
     </span>
     <span class='ocr_line' id='line_1_23' title="bbox 75 2141 1069 2211; baseline 0.001 -17"><span class='ocrx_word' id='word_1_214' title='bbox 75 2145 215 2195; x_wconf 86' lang='lat' dir='ltr'>monitoris</span> <span class='ocrx_word' id='word_1_215' title='bbox 237 2141 302 2195; x_wconf 70' lang='lat' dir='ltr'>eoe&#39;e</span> <span class='ocrx_word' id='word_1_216' title='bbox 316 2144 388 2209; x_wconf 77' lang='lat' dir='ltr'>quasi</span> <span class='ocrx_word' id='word_1_217' title='bbox 404 2144 510 2193; x_wconf 82' lang='lat' dir='ltr'>attoniti</span> <span class='ocrx_word' id='word_1_218' title='bbox 524 2149 553 2193; x_wconf 86' lang='lat' dir='ltr'>et</span> <span class='ocrx_word' id='word_1_219' title='bbox 568 2144 613 2193; x_wconf 79' lang='lat' dir='ltr'>ob-</span> <span class='ocrx_word' id='word_1_220' title='bbox 650 2148 724 2205; x_wconf 75' lang='lat' dir='ltr'>elicit,</span> <span class='ocrx_word' id='word_1_221' title='bbox 736 2154 764 2196; x_wconf 91' lang='lat' dir='ltr'>et</span> <span class='ocrx_word' id='word_1_222' title='bbox 773 2154 909 2211; x_wconf 87' lang='lat' dir='ltr'>tantopere</span> <span class='ocrx_word' id='word_1_223' title='bbox 919 2146 1069 2210; x_wconf 73' lang='lat' dir='ltr'>indignaris.</span> 
     </span>
     <span class='ocr_line' id='line_1_24' title="bbox 75 2219 1185 2287; baseline 0 -16"><span class='ocrx_word' id='word_1_224' title='bbox 75 2219 233 2285; x_wconf 78' lang='lat' dir='ltr'>stupefacti</span> <span class='ocrx_word' id='word_1_225' title='bbox 266 2220 371 2269; x_wconf 79' lang='lat' dir='ltr'>ironice</span> <span class='ocrx_word' id='word_1_226' title='bbox 402 2227 490 2269; x_wconf 85' lang='lat' dir='ltr'>sutem</span> <span class='ocrx_word' id='word_1_227' title='bbox 517 2234 545 2269; x_wconf 83' lang='lat' dir='ltr'>se</span> <span class='ocrx_word' id='word_1_228' title='bbox 578 2219 613 2270; x_wconf 84' lang='lat' dir='ltr'>ob</span> <span class='ocrx_word' id='word_1_229' title='bbox 682 2222 856 2287; x_wconf 73' lang='lat' dir='ltr'>liniensem]</span> <span class='ocrx_word' id='word_1_230' title='bbox 881 2220 1185 2271; x_wconf 81' lang='lat' dir='ltr'>Labeutraustoiitilia·</span> 
     </span>
     <span class='ocr_line' id='line_1_25' title="bbox 64 2290 1185 2364; baseline 0.004 -20"><span class='ocrx_word' id='word_1_231' title='bbox 64 2290 107 2345; x_wconf 74' lang='lat' dir='ltr'>‘iu</span> <span class='ocrx_word' id='word_1_232' title='bbox 127 2295 276 2359; x_wconf 77' lang='lat' dir='ltr'>pennrbarl</span> <span class='ocrx_word' id='word_1_233' title='bbox 290 2294 403 2355; x_wconf 82' lang='lat' dir='ltr'>simulat,</span> <span class='ocrx_word' id='word_1_234' title='bbox 423 2296 614 2359; x_wconf 82' lang='lat' dir='ltr'>qnodieototea</span> <span class='ocrx_word' id='word_1_235' title='bbox 651 2298 685 2348; x_wconf 85' lang='lat' dir='ltr'>sia</span> <span class='ocrx_word' id='word_1_236' title='bbox 703 2306 732 2349; x_wconf 86' lang='lat' dir='ltr'>el</span> <span class='ocrx_word' id='word_1_237' title='bbox 751 2298 894 2364; x_wconf 82' lang='lat' dir='ltr'>Odysseam</span> <span class='ocrx_word' id='word_1_238' title='bbox 915 2298 1022 2349; x_wconf 74' lang='lat' dir='ltr'>verbnm</span> <span class='ocrx_word' id='word_1_239' title='bbox 1042 2312 1074 2345; x_wconf 84' lang='lat' dir='ltr'>ex</span> <span class='ocrx_word' id='word_1_240' title='bbox 1093 2298 1185 2360; x_wconf 79' lang='lat' dir='ltr'>verbo,</span> 
     </span>
     <span class='ocr_line' id='line_1_26' title="bbox 77 2370 1184 2438; baseline 0.004 -20"><span class='ocrx_word' id='word_1_241' title='bbox 77 2370 178 2419; x_wconf 87' lang='lat' dir='ltr'>nonsit</span> <span class='ocrx_word' id='word_1_242' title='bbox 196 2370 342 2428; x_wconf 83' lang='lat' dir='ltr'>habiturus,</span> <span class='ocrx_word' id='word_1_243' title='bbox 357 2382 392 2418; x_wconf 86' lang='lat' dir='ltr'>ex</span> <span class='ocrx_word' id='word_1_244' title='bbox 410 2384 482 2419; x_wconf 89' lang='lat' dir='ltr'>more</span> <span class='ocrx_word' id='word_1_245' title='bbox 493 2384 614 2420; x_wconf 85' lang='lat' dir='ltr'>ranorum</span> <span class='ocrx_word' id='word_1_246' title='bbox 650 2374 1002 2438; x_wconf 81' lang='lat' dir='ltr'>ridiculesstis,quodoerbu</span> <span class='ocrx_word' id='word_1_247' title='bbox 1013 2374 1184 2438; x_wconf 87' lang='lat' dir='ltr'>potiusquam</span> 
     </span>
     <span class='ocr_line' id='line_1_27' title="bbox 79 2445 1185 2510; baseline 0 -15"><span class='ocrx_word' id='word_1_248' title='bbox 79 2445 240 2509; x_wconf 84' lang='lat' dir='ltr'>reliquorum</span> <span class='ocrx_word' id='word_1_249' title='bbox 261 2445 541 2508; x_wconf 65' lang='lat' dir='ltr'>Poetneum-Nesso,</span> <span class='ocrx_word' id='word_1_250' title='bbox 563 2446 617 2510; x_wconf 68' lang='lat' dir='ltr'>ipe]</span> <span class='ocrx_word' id='word_1_251' title='bbox 651 2462 752 2498; x_wconf 85' lang='lat' dir='ltr'>sensnm</span> <span class='ocrx_word' id='word_1_252' title='bbox 764 2455 868 2497; x_wconf 85' lang='lat' dir='ltr'>secutus</span> <span class='ocrx_word' id='word_1_253' title='bbox 880 2448 923 2499; x_wconf 88' lang='lat' dir='ltr'>sit.</span> <span class='ocrx_word' id='word_1_254' title='bbox 946 2447 1009 2510; x_wconf 77' lang='lat' dir='ltr'>Ejus</span> <span class='ocrx_word' id='word_1_255' title='bbox 1026 2454 1066 2496; x_wconf 86' lang='lat' dir='ltr'>est</span> <span class='ocrx_word' id='word_1_256' title='bbox 1078 2448 1185 2495; x_wconf 81' lang='lat' dir='ltr'>illever-</span> 
     </span>
     <span class='ocr_line' id='line_1_28' title="bbox 80 2520 1185 2584; baseline 0.001 -14"><span class='ocrx_word' id='word_1_257' title='bbox 80 2520 235 2583; x_wconf 79' lang='lat' dir='ltr'>Respondet</span> <span class='ocrx_word' id='word_1_258' title='bbox 250 2521 348 2571; x_wconf 64' lang='lat' dir='ltr'>amica</span> <span class='ocrx_word' id='word_1_259' title='bbox 363 2521 484 2582; x_wconf 88' lang='lat' dir='ltr'>monitor,</span> <span class='ocrx_word' id='word_1_260' title='bbox 503 2526 531 2569; x_wconf 85' lang='lat' dir='ltr'>et</span> <span class='ocrx_word' id='word_1_261' title='bbox 546 2521 616 2584; x_wconf 76' lang='lat' dir='ltr'>quoti</span> <span class='ocrx_word' id='word_1_262' title='bbox 651 2539 711 2574; x_wconf 69' lang='lat' dir='ltr'>susa</span> <span class='ocrx_word' id='word_1_263' title='bbox 730 2524 862 2573; x_wconf 79' lang='lat' dir='ltr'>‘Crudum</span> <span class='ocrx_word' id='word_1_264' title='bbox 881 2522 1022 2572; x_wconf 83' lang='lat' dir='ltr'>manduces</span> <span class='ocrx_word' id='word_1_265' title='bbox 1042 2522 1185 2583; x_wconf 88' lang='lat' dir='ltr'>Priamum,</span> 
     </span>
     <span class='ocr_line' id='line_1_29' title="bbox 79 2596 1186 2663; baseline 0.001 -19"><span class='ocrx_word' id='word_1_266' title='bbox 79 2596 323 2659; x_wconf 80' lang='lat' dir='ltr'>saperiussliuerst,</span> <span class='ocrx_word' id='word_1_267' title='bbox 337 2598 465 2645; x_wconf 87' lang='lat' dir='ltr'>neminem</span> <span class='ocrx_word' id='word_1_268' title='bbox 478 2597 616 2645; x_wconf 79' lang='lat' dir='ltr'>Persiiss-</span> <span class='ocrx_word' id='word_1_269' title='bbox 652 2600 801 2663; x_wconf 86' lang='lat' dir='ltr'>Priamique</span> <span class='ocrx_word' id='word_1_270' title='bbox 822 2598 959 2647; x_wconf 70' lang='lat' dir='ltr'>Pisinuus!</span> <span class='ocrx_word' id='word_1_271' title='bbox 988 2598 1040 2647; x_wconf 73' lang='lat' dir='ltr'>Vct.</span> <span class='ocrx_word' id='word_1_272' title='bbox 1055 2596 1186 2645; x_wconf 43' lang='lat' dir='ltr'>Schelle</span> 
     </span>
     <span class='ocr_line' id='line_1_30' title="bbox 82 2672 1186 2737; baseline 0.003 -18"><span class='ocrx_word' id='word_1_273' title='bbox 82 2678 155 2734; x_wconf 79' lang='lat' dir='ltr'>tyras</span> <span class='ocrx_word' id='word_1_274' title='bbox 170 2672 307 2733; x_wconf 78' lang='lat' dir='ltr'>lectulum,</span> <span class='ocrx_word' id='word_1_275' title='bbox 321 2674 377 2736; x_wconf 85' lang='lat' dir='ltr'>jum</span> <span class='ocrx_word' id='word_1_276' title='bbox 391 2674 539 2736; x_wconf 82' lang='lat' dir='ltr'>juramento</span> <span class='ocrx_word' id='word_1_277' title='bbox 551 2674 617 2721; x_wconf 87' lang='lat' dir='ltr'>nite·</span> <span class='ocrx_word' id='word_1_278' title='bbox 652 2675 723 2737; x_wconf 74' lang='lat' dir='ltr'>miii]</span> <span class='ocrx_word' id='word_1_279' title='bbox 742 2675 858 2724; x_wconf 85' lang='lat' dir='ltr'>ilocuine</span> <span class='ocrx_word' id='word_1_280' title='bbox 880 2676 945 2723; x_wconf 85' lang='lat' dir='ltr'>adeo</span> <span class='ocrx_word' id='word_1_281' title='bbox 964 2674 1083 2723; x_wconf 89' lang='lat' dir='ltr'>miserum</span> <span class='ocrx_word' id='word_1_282' title='bbox 1102 2677 1151 2735; x_wconf 91' lang='lat' dir='ltr'>est,</span> <span class='ocrx_word' id='word_1_283' title='bbox 1163 2672 1186 2722; x_wconf 89' lang='lat' dir='ltr'>si</span> 
     </span>
     <span class='ocr_line' id='line_1_31' title="bbox 83 2746 1187 2815; baseline 0.003 -19"><span class='ocrx_word' id='word_1_284' title='bbox 83 2748 140 2797; x_wconf 89' lang='lat' dir='ltr'>rins</span> <span class='ocrx_word' id='word_1_285' title='bbox 153 2746 304 2797; x_wconf 74' lang='lat' dir='ltr'>‘eontirmau</span> <span class='ocrx_word' id='word_1_286' title='bbox 349 2749 431 2801; x_wconf 78' lang='lat' dir='ltr'>Quasi</span> <span class='ocrx_word' id='word_1_287' title='bbox 459 2748 545 2799; x_wconf 68' lang='lat' dir='ltr'>dicate</span> <span class='ocrx_word' id='word_1_288' title='bbox 573 2748 617 2799; x_wconf 88' lang='lat' dir='ltr'>Ita</span> <span class='ocrx_word' id='word_1_289' title='bbox 653 2758 683 2799; x_wconf 91' lang='lat' dir='ltr'>ut</span> <span class='ocrx_word' id='word_1_290' title='bbox 709 2750 812 2800; x_wconf 84' lang='lat' dir='ltr'>ilector</span> <span class='ocrx_word' id='word_1_291' title='bbox 833 2750 960 2815; x_wconf 79' lang='lat' dir='ltr'>quondam</span> <span class='ocrx_word' id='word_1_292' title='bbox 982 2750 1133 2809; x_wconf 81' lang='lat' dir='ltr'>verebatur,</span> <span class='ocrx_word' id='word_1_293' title='bbox 1151 2762 1187 2799; x_wconf 86' lang='lat' dir='ltr'>ne</span> 
     </span>
     <span class='ocr_line' id='line_1_32' title="bbox 82 2822 1187 2890; baseline 0 -17"><span class='ocrx_word' id='word_1_294' title='bbox 82 2822 199 2873; x_wconf 76' lang='lat' dir='ltr'>Hercule</span> <span class='ocrx_word' id='word_1_295' title='bbox 218 2822 334 2875; x_wconf 80' lang='lat' dir='ltr'>futurum</span> <span class='ocrx_word' id='word_1_296' title='bbox 357 2832 407 2884; x_wconf 90' lang='lat' dir='ltr'>est,</span> <span class='ocrx_word' id='word_1_297' title='bbox 430 2824 516 2883; x_wconf 82' lang='lat' dir='ltr'>Persi,</span> <span class='ocrx_word' id='word_1_298' title='bbox 541 2838 617 2873; x_wconf 86' lang='lat' dir='ltr'>nemo</span> <span class='ocrx_word' id='word_1_299' title='bbox 657 2825 821 2890; x_wconf 75' lang='lat' dir='ltr'>Polydamas,</span> <span class='ocrx_word' id='word_1_300' title='bbox 838 2825 874 2874; x_wconf 86' lang='lat' dir='ltr'>iil.</span> <span class='ocrx_word' id='word_1_301' title='bbox 892 2822 1139 2887; x_wconf 64' lang='lat' dir='ltr'>intermistio&amp;</span> <span class='ocrx_word' id='word_1_302' title='bbox 1158 2828 1187 2873; x_wconf 84' lang='lat' dir='ltr'>et</span> 
     </span>
     <span class='ocr_line' id='line_1_33' title="bbox 84 2898 1188 2965; baseline 0.002 -18"><span class='ocrx_word' id='word_1_303' title='bbox 84 2899 143 2947; x_wconf 74' lang='lat' dir='ltr'>hae</span> <span class='ocrx_word' id='word_1_304' title='bbox 161 2904 206 2947; x_wconf 90' lang='lat' dir='ltr'>tua</span> <span class='ocrx_word' id='word_1_305' title='bbox 227 2900 326 2962; x_wconf 79' lang='lat' dir='ltr'>scripte</span> <span class='ocrx_word' id='word_1_306' title='bbox 348 2900 444 2950; x_wconf 81' lang='lat' dir='ltr'>tetrius</span> <span class='ocrx_word' id='word_1_307' title='bbox 459 2914 617 2965; x_wconf 70' lang='lat' dir='ltr'>magnopere</span> <span class='ocrx_word' id='word_1_308' title='bbox 652 2902 772 2965; x_wconf 66' lang='lat' dir='ltr'>&#39;iiojauae</span> <span class='ocrx_word' id='word_1_309' title='bbox 788 2902 909 2951; x_wconf 86' lang='lat' dir='ltr'>mulieres</span> <span class='ocrx_word' id='word_1_310' title='bbox 927 2898 1103 2959; x_wconf 63' lang='lat' dir='ltr'>iusserimus,</span> <span class='ocrx_word' id='word_1_311' title='bbox 1120 2900 1188 2963; x_wconf 86' lang='lat' dir='ltr'>(iio-</span> 
     </span>
     <span class='ocr_line' id='line_1_34' title="bbox 86 2973 1188 3041; baseline 0 -16"><span class='ocrx_word' id='word_1_312' title='bbox 86 2976 196 3027; x_wconf 82' lang='lat' dir='ltr'>ennbit.</span> <span class='ocrx_word' id='word_1_313' title='bbox 212 2973 300 3026; x_wconf 69' lang='lat' dir='ltr'>laiss</span> <span class='ocrx_word' id='word_1_314' title='bbox 652 2990 718 3026; x_wconf 87' lang='lat' dir='ltr'>mer.</span> <span class='ocrx_word' id='word_1_315' title='bbox 730 2978 805 3027; x_wconf 86' lang='lat' dir='ltr'>iliad.</span> <span class='ocrx_word' id='word_1_316' title='bbox 820 2976 861 3040; x_wconf 80' lang='lat' dir='ltr'>x.)</span> <span class='ocrx_word' id='word_1_317' title='bbox 877 2978 960 3041; x_wconf 87' lang='lat' dir='ltr'>ipsum</span> <span class='ocrx_word' id='word_1_318' title='bbox 973 2977 1072 3025; x_wconf 79' lang='lat' dir='ltr'>Achille</span> <span class='ocrx_word' id='word_1_319' title='bbox 1084 2974 1188 3025; x_wconf 77' lang='lat' dir='ltr'>inferio-</span> 
     </span>
     <span class='ocr_line' id='line_1_35' title="bbox 119 3050 1190 3117; baseline 0 -17"><span class='ocrx_word' id='word_1_320' title='bbox 119 3052 263 3116; x_wconf 73' lang='lat' dir='ltr'>tVei‚t·c.]</span> <span class='ocrx_word' id='word_1_321' title='bbox 279 3054 407 3105; x_wconf 76' lang='lat' dir='ltr'>Quoniam</span> <span class='ocrx_word' id='word_1_322' title='bbox 427 3054 525 3104; x_wconf 85' lang='lat' dir='ltr'>erniuus</span> <span class='ocrx_word' id='word_1_323' title='bbox 535 3056 617 3104; x_wconf 90' lang='lat' dir='ltr'>moui·</span> <span class='ocrx_word' id='word_1_324' title='bbox 653 3065 708 3101; x_wconf 86' lang='lat' dir='ltr'>rem</span> <span class='ocrx_word' id='word_1_325' title='bbox 725 3058 871 3114; x_wconf 86' lang='lat' dir='ltr'>censerent,</span> <span class='ocrx_word' id='word_1_326' title='bbox 890 3052 911 3099; x_wconf 92' lang='lat' dir='ltr'>sl</span> <span class='ocrx_word' id='word_1_327' title='bbox 934 3051 1105 3117; x_wconf 82' lang='lat' dir='ltr'>sereciperet</span> <span class='ocrx_word' id='word_1_328' title='bbox 1120 3050 1190 3100; x_wconf 84' lang='lat' dir='ltr'>intra</span> 
     </span>
     <span class='ocr_line' id='line_1_36' title="bbox 86 3124 1189 3194; baseline -0.003 -19"><span class='ocrx_word' id='word_1_329' title='bbox 86 3136 130 3176; x_wconf 91' lang='lat' dir='ltr'>tor</span> <span class='ocrx_word' id='word_1_330' title='bbox 140 3126 257 3177; x_wconf 85' lang='lat' dir='ltr'>Persium</span> <span class='ocrx_word' id='word_1_331' title='bbox 269 3136 407 3192; x_wconf 76' lang='lat' dir='ltr'>tantopere</span> <span class='ocrx_word' id='word_1_332' title='bbox 423 3130 569 3194; x_wconf 82' lang='lat' dir='ltr'>perturbari</span> <span class='ocrx_word' id='word_1_333' title='bbox 579 3131 617 3178; x_wconf 81' lang='lat' dir='ltr'>sl·</span> <span class='ocrx_word' id='word_1_334' title='bbox 654 3140 739 3175; x_wconf 85' lang='lat' dir='ltr'>maros</span> <span class='ocrx_word' id='word_1_335' title='bbox 751 3140 809 3175; x_wconf 84' lang='lat' dir='ltr'>cum</span> <span class='ocrx_word' id='word_1_336' title='bbox 821 3126 923 3177; x_wconf 72' lang='lat' dir='ltr'>cereris</span> <span class='ocrx_word' id='word_1_337' title='bbox 933 3126 1068 3187; x_wconf 73' lang='lat' dir='ltr'>Trojeuis;</span> <span class='ocrx_word' id='word_1_338' title='bbox 1085 3138 1133 3187; x_wconf 72' lang='lat' dir='ltr'>ego</span> <span class='ocrx_word' id='word_1_339' title='bbox 1144 3124 1189 3173; x_wconf 90' lang='lat' dir='ltr'>iti·</span> 
     </span>
     <span class='ocr_line' id='line_1_37' title="bbox 86 3200 1188 3267; baseline -0.003 -14"><span class='ocrx_word' id='word_1_340' title='bbox 86 3202 143 3262; x_wconf 70' lang='grc' dir='ltr'>ἀοι,</span> <span class='ocrx_word' id='word_1_341' title='bbox 151 3204 219 3267; x_wconf 82' lang='lat' dir='ltr'>quod</span> <span class='ocrx_word' id='word_1_342' title='bbox 228 3206 355 3254; x_wconf 85' lang='lat' dir='ltr'>nemiuem</span> <span class='ocrx_word' id='word_1_343' title='bbox 364 3220 393 3255; x_wconf 88' lang='lat' dir='ltr'>se</span> <span class='ocrx_word' id='word_1_344' title='bbox 401 3206 618 3257; x_wconf 82' lang='lat' dir='ltr'>iectureminren.</span> <span class='ocrx_word' id='word_1_345' title='bbox 654 3202 715 3251; x_wconf 83' lang='lat' dir='ltr'>dem</span> <span class='ocrx_word' id='word_1_346' title='bbox 727 3214 838 3263; x_wconf 85' lang='lat' dir='ltr'>sereres,</span> <span class='ocrx_word' id='word_1_347' title='bbox 847 3214 880 3249; x_wconf 91' lang='lat' dir='ltr'>ne</span> <span class='ocrx_word' id='word_1_348' title='bbox 893 3200 963 3249; x_wconf 85' lang='lat' dir='ltr'>Nero</span> <span class='ocrx_word' id='word_1_349' title='bbox 973 3206 1000 3249; x_wconf 85' lang='lat' dir='ltr'>et</span> <span class='ocrx_word' id='word_1_350' title='bbox 1010 3200 1100 3249; x_wconf 83' lang='lat' dir='ltr'>molles</span> <span class='ocrx_word' id='word_1_351' title='bbox 1109 3206 1188 3264; x_wconf 86' lang='lat' dir='ltr'>atque</span> 
     </span>
     <span class='ocr_line' id='line_1_38' title="bbox 87 3273 1189 3344; baseline -0.001 -18"><span class='ocrx_word' id='word_1_352' title='bbox 87 3284 172 3327; x_wconf 86' lang='lat' dir='ltr'>turum</span> <span class='ocrx_word' id='word_1_353' title='bbox 192 3278 297 3341; x_wconf 77' lang='lat' dir='ltr'>siluerit,</span> <span class='ocrx_word' id='word_1_354' title='bbox 310 3282 367 3344; x_wconf 84' lang='lat' dir='ltr'>jam</span> <span class='ocrx_word' id='word_1_355' title='bbox 380 3282 407 3330; x_wconf 87' lang='lat' dir='ltr'>in</span> <span class='ocrx_word' id='word_1_356' title='bbox 418 3282 619 3333; x_wconf 71' lang='lat' dir='ltr'>consolationem</span> <span class='ocrx_word' id='word_1_357' title='bbox 655 3276 722 3325; x_wconf 84' lang='lat' dir='ltr'>adeo</span> <span class='ocrx_word' id='word_1_358' title='bbox 732 3273 881 3325; x_wconf 69' lang='lat' dir='ltr'>effeminati</span> <span class='ocrx_word' id='word_1_359' title='bbox 895 3275 1048 3338; x_wconf 73' lang='lat' dir='ltr'>Trojupeuse</span> <span class='ocrx_word' id='word_1_360' title='bbox 1066 3275 1189 3339; x_wconf 73' lang='lat' dir='ltr'>pretule-</span> 
     </span>
     <span class='ocr_line' id='line_1_39' title="bbox 89 3350 1189 3419; baseline 0 -16"><span class='ocrx_word' id='word_1_361' title='bbox 89 3355 159 3419; x_wconf 78' lang='lat' dir='ltr'>qnasi</span> <span class='ocrx_word' id='word_1_362' title='bbox 179 3354 244 3405; x_wconf 80' lang='lat' dir='ltr'>duos</span> <span class='ocrx_word' id='word_1_363' title='bbox 261 3363 307 3406; x_wconf 89' lang='lat' dir='ltr'>eut</span> <span class='ocrx_word' id='word_1_364' title='bbox 329 3356 363 3405; x_wconf 87' lang='lat' dir='ltr'>sd</span> <span class='ocrx_word' id='word_1_365' title='bbox 379 3371 506 3406; x_wconf 73' lang='lat' dir='ltr'>smmum</span> <span class='ocrx_word' id='word_1_366' title='bbox 524 3365 585 3407; x_wconf 85' lang='lat' dir='ltr'>tres·</span> <span class='ocrx_word' id='word_1_367' title='bbox 593 3358 619 3407; x_wconf 89' lang='lat' dir='ltr'>ei</span> <span class='ocrx_word' id='word_1_368' title='bbox 655 3353 710 3402; x_wconf 86' lang='lat' dir='ltr'>rint</span> <span class='ocrx_word' id='word_1_369' title='bbox 720 3352 782 3399; x_wconf 82' lang='lat' dir='ltr'>milui</span> <span class='ocrx_word' id='word_1_370' title='bbox 792 3350 897 3400; x_wconf 79' lang='lat' dir='ltr'>Aetium</span> <span class='ocrx_word' id='word_1_371' title='bbox 909 3352 1064 3413; x_wconf 78' lang='lat' dir='ltr'>Labeonem,</span> <span class='ocrx_word' id='word_1_372' title='bbox 1073 3352 1116 3416; x_wconf 87' lang='lat' dir='ltr'>qui</span> <span class='ocrx_word' id='word_1_373' title='bbox 1129 3351 1189 3403; x_wconf 76' lang='lat' dir='ltr'>nis-</span> 
     </span>
     <span class='ocr_line' id='line_1_40' title="bbox 88 3426 1188 3494; baseline -0.002 -14"><span class='ocrx_word' id='word_1_374' title='bbox 88 3431 215 3494; x_wconf 69' lang='lat' dir='ltr'>indulget.</span> <span class='ocrx_word' id='word_1_375' title='bbox 247 3430 299 3479; x_wconf 78' lang='lat' dir='ltr'>Sed</span> <span class='ocrx_word' id='word_1_376' title='bbox 319 3438 410 3481; x_wconf 80' lang='lat' dir='ltr'>auctor</span> <span class='ocrx_word' id='word_1_377' title='bbox 426 3446 461 3481; x_wconf 80' lang='lat' dir='ltr'>ex</span> <span class='ocrx_word' id='word_1_378' title='bbox 479 3431 619 3494; x_wconf 76' lang='lat' dir='ltr'>indigeati-</span> <span class='ocrx_word' id='word_1_379' title='bbox 655 3427 703 3477; x_wconf 80' lang='lat' dir='ltr'>(iau</span> <span class='ocrx_word' id='word_1_380' title='bbox 711 3426 820 3475; x_wconf 83' lang='lat' dir='ltr'>Homeri</span> <span class='ocrx_word' id='word_1_381' title='bbox 831 3427 1071 3489; x_wconf 84' lang='lat' dir='ltr'>ineptetranstulit.</span> <span class='ocrx_word' id='word_1_382' title='bbox 1087 3428 1188 3478; x_wconf 79' lang='lat' dir='ltr'>Fumi.</span> 
     </span>
     <span class='ocr_line' id='line_1_41' title="bbox 90 3500 1189 3569; baseline -0.001 -15"><span class='ocrx_word' id='word_1_383' title='bbox 90 3505 407 3569; x_wconf 79' lang='lat' dir='ltr'>oueSatyricasimuiate,</span> <span class='ocrx_word' id='word_1_384' title='bbox 420 3506 619 3555; x_wconf 80' lang='lat' dir='ltr'>hoeinterrum·</span> <span class='ocrx_word' id='word_1_385' title='bbox 655 3502 845 3567; x_wconf 71' lang='lat' dir='ltr'>-Pstyum1</span> <span class='ocrx_word' id='word_1_386' title='bbox 871 3502 936 3551; x_wconf 86' lang='lat' dir='ltr'>Erat</span> <span class='ocrx_word' id='word_1_387' title='bbox 960 3500 1028 3553; x_wconf 85' lang='lat' dir='ltr'>iilius</span> <span class='ocrx_word' id='word_1_388' title='bbox 1046 3502 1189 3553; x_wconf 79' lang='lat' dir='ltr'>Antenoris</span> 
     </span>
     <span class='ocr_line' id='line_1_42' title="bbox 92 3580 1190 3647; baseline 0.004 -20"><span class='ocrx_word' id='word_1_389' title='bbox 92 3580 140 3643; x_wconf 83' lang='lat' dir='ltr'>pit,</span> <span class='ocrx_word' id='word_1_390' title='bbox 158 3586 186 3629; x_wconf 91' lang='lat' dir='ltr'>ut</span> <span class='ocrx_word' id='word_1_391' title='bbox 206 3581 318 3629; x_wconf 89' lang='lat' dir='ltr'>monitos</span> <span class='ocrx_word' id='word_1_392' title='bbox 338 3580 402 3629; x_wconf 86' lang='lat' dir='ltr'>iilud</span> <span class='ocrx_word' id='word_1_393' title='bbox 418 3581 527 3631; x_wconf 78' lang='lat' dir='ltr'>verbum</span> <span class='ocrx_word' id='word_1_394' title='bbox 539 3580 620 3647; x_wconf 84' lang='lat' dir='ltr'>(tres)</span> <span class='ocrx_word' id='word_1_395' title='bbox 655 3580 765 3631; x_wconf 89' lang='lat' dir='ltr'>imbellis</span> <span class='ocrx_word' id='word_1_396' title='bbox 776 3586 804 3631; x_wconf 89' lang='lat' dir='ltr'>et</span> <span class='ocrx_word' id='word_1_397' title='bbox 815 3581 930 3644; x_wconf 75' lang='lat' dir='ltr'>ignarus.</span> <span class='ocrx_word' id='word_1_398' title='bbox 963 3580 1016 3628; x_wconf 89' lang='lat' dir='ltr'>Per</span> <span class='ocrx_word' id='word_1_399' title='bbox 1036 3581 1104 3630; x_wconf 82' lang='lat' dir='ltr'>lunoe</span> <span class='ocrx_word' id='word_1_400' title='bbox 1117 3588 1190 3633; x_wconf 83' lang='lat' dir='ltr'>reete</span> 
     </span>
     <span class='ocr_line' id='line_1_43' title="bbox 91 3654 1192 3720; baseline 0.002 -18"><span class='ocrx_word' id='word_1_401' title='bbox 91 3654 173 3719; x_wconf 79' lang='lat' dir='ltr'>eloqui</span> <span class='ocrx_word' id='word_1_402' title='bbox 193 3668 244 3703; x_wconf 89' lang='lat' dir='ltr'>uon</span> <span class='ocrx_word' id='word_1_403' title='bbox 265 3655 526 3719; x_wconf 76' lang='lat' dir='ltr'>potnerit—Neres]</span> <span class='ocrx_word' id='word_1_404' title='bbox 559 3655 620 3705; x_wconf 79' lang='lat' dir='ltr'>iioe</span> <span class='ocrx_word' id='word_1_405' title='bbox 656 3668 684 3708; x_wconf 89' lang='lat' dir='ltr'>et</span> <span class='ocrx_word' id='word_1_406' title='bbox 695 3658 833 3720; x_wconf 75' lang='lat' dir='ltr'>allegorice</span> <span class='ocrx_word' id='word_1_407' title='bbox 845 3658 973 3707; x_wconf 87' lang='lat' dir='ltr'>Neronem</span> <span class='ocrx_word' id='word_1_408' title='bbox 983 3657 1115 3715; x_wconf 67' lang='lat' dir='ltr'>inteiligit.</span> <span class='ocrx_word' id='word_1_409' title='bbox 1142 3656 1192 3705; x_wconf 80' lang='lat' dir='ltr'>La·</span> 
     </span>
     <span class='ocr_line' id='line_1_44' title="bbox 91 3732 1192 3798; baseline -0.002 -17"><span class='ocrx_word' id='word_1_410' title='bbox 91 3732 202 3795; x_wconf 82' lang='lat' dir='ltr'>tertium,</span> <span class='ocrx_word' id='word_1_411' title='bbox 213 3734 299 3792; x_wconf 80' lang='lat' dir='ltr'>Nesso,</span> <span class='ocrx_word' id='word_1_412' title='bbox 311 3732 396 3781; x_wconf 86' lang='lat' dir='ltr'>Persii</span> <span class='ocrx_word' id='word_1_413' title='bbox 414 3739 464 3795; x_wconf 75' lang='lat' dir='ltr'>eat,</span> <span class='ocrx_word' id='word_1_414' title='bbox 479 3732 621 3797; x_wconf 80' lang='lat' dir='ltr'>quomoni·</span> <span class='ocrx_word' id='word_1_415' title='bbox 656 3732 863 3798; x_wconf 69' lang='lat' dir='ltr'>iia—iluimus]</span> <span class='ocrx_word' id='word_1_416' title='bbox 897 3733 964 3782; x_wconf 82' lang='lat' dir='ltr'>Sunt</span> <span class='ocrx_word' id='word_1_417' title='bbox 986 3732 1106 3783; x_wconf 88' lang='lat' dir='ltr'>mulieres</span> <span class='ocrx_word' id='word_1_418' title='bbox 1128 3732 1192 3780; x_wconf 79' lang='grc' dir='ltr'><strong>Τισ-</strong></span> 
     </span>
     <span class='ocr_line' id='line_1_45' title="bbox 87 3806 1190 3874; baseline -0.003 -14"><span class='ocrx_word' id='word_1_419' title='bbox 87 3809 153 3860; x_wconf 79' lang='lat' dir='ltr'>toris</span> <span class='ocrx_word' id='word_1_420' title='bbox 164 3808 244 3857; x_wconf 79' lang='lat' dir='ltr'>verbe</span> <span class='ocrx_word' id='word_1_421' title='bbox 260 3808 373 3857; x_wconf 85' lang='lat' dir='ltr'>maxima</span> <span class='ocrx_word' id='word_1_422' title='bbox 388 3809 467 3857; x_wconf 87' lang='lat' dir='ltr'>animi</span> <span class='ocrx_word' id='word_1_423' title='bbox 486 3806 620 3857; x_wconf 82' lang='lat' dir='ltr'>commoti·</span> <span class='ocrx_word' id='word_1_424' title='bbox 652 3810 733 3873; x_wconf 72' lang='lat' dir='ltr'>jann,</span> <span class='ocrx_word' id='word_1_425' title='bbox 743 3810 862 3874; x_wconf 76' lang='lat' dir='ltr'>Satyrice</span> <span class='ocrx_word' id='word_1_426' title='bbox 874 3824 921 3874; x_wconf 91' lang='lat' dir='ltr'>pro</span> <span class='ocrx_word' id='word_1_427' title='bbox 932 3809 1056 3872; x_wconf 78' lang='lat' dir='ltr'>Trojanls.</span> <span class='ocrx_word' id='word_1_428' title='bbox 1094 3807 1190 3857; x_wconf 84' lang='lat' dir='ltr'>Home·</span> 
     </span>
     <span class='ocr_line' id='line_1_46' title="bbox 92 3880 1191 3950; baseline -0.002 -17"><span class='ocrx_word' id='word_1_429' title='bbox 92 3898 141 3933; x_wconf 90' lang='lat' dir='ltr'>oue</span> <span class='ocrx_word' id='word_1_430' title='bbox 155 3882 332 3947; x_wconf 86' lang='lat' dir='ltr'>perturbatus,</span> <span class='ocrx_word' id='word_1_431' title='bbox 354 3884 426 3948; x_wconf 80' lang='lat' dir='ltr'>quasi</span> <span class='ocrx_word' id='word_1_432' title='bbox 445 3883 620 3945; x_wconf 81' lang='lat' dir='ltr'>interrumpit.</span> <span class='ocrx_word' id='word_1_433' title='bbox 657 3900 700 3935; x_wconf 89' lang='lat' dir='ltr'>rus</span> <span class='ocrx_word' id='word_1_434' title='bbox 711 3886 949 3950; x_wconf 63' lang='lat' dir='ltr'>simplicissimus</span> <span class='ocrx_word' id='word_1_435' title='bbox 960 3884 999 3932; x_wconf 81' lang='lat' dir='ltr'>ssi</span> <span class='ocrx_word' id='word_1_436' title='bbox 1008 3880 1121 3945; x_wconf 64' lang='lat' dir='ltr'>opums,</span> <span class='ocrx_word' id='word_1_437' title='bbox 1131 3896 1191 3932; x_wconf 79' lang='lat' dir='ltr'>sux-</span> 
     </span>
     <span class='ocr_line' id='line_1_47' title="bbox 92 3958 1190 4026; baseline -0.003 -16"><span class='ocrx_word' id='word_1_438' title='bbox 92 3960 206 4010; x_wconf 76' lang='lat' dir='ltr'>Posteri</span> <span class='ocrx_word' id='word_1_439' title='bbox 224 3960 305 4023; x_wconf 70' lang='lat' dir='ltr'>igitur</span> <span class='ocrx_word' id='word_1_440' title='bbox 321 3958 620 4022; x_wconf 79' lang='lat' dir='ltr'>punctumiuaereusinm</span> <span class='ocrx_word' id='word_1_441' title='bbox 657 3968 822 4026; x_wconf 82' lang='lat' dir='ltr'>neuterque:</span> <span class='ocrx_word' id='word_1_442' title='bbox 840 3962 886 4010; x_wconf 82' lang='lat' dir='ltr'>sed</span> <span class='ocrx_word' id='word_1_443' title='bbox 903 3960 1037 4009; x_wconf 86' lang='lat' dir='ltr'>mollitiem</span> <span class='ocrx_word' id='word_1_444' title='bbox 1063 3960 1190 4008; x_wconf 86' lang='lat' dir='ltr'>Romano·</span> 
     </span>
     <span class='ocr_line' id='line_1_48' title="bbox 92 4032 1147 4097; baseline -0.001 -12"><span class='ocrx_word' id='word_1_445' title='bbox 92 4048 146 4085; x_wconf 84' lang='lat' dir='ltr'>esse</span> <span class='ocrx_word' id='word_1_446' title='bbox 164 4035 219 4084; x_wconf 81' lang='lat' dir='ltr'>salt</span> <span class='ocrx_word' id='word_1_447' title='bbox 240 4033 366 4083; x_wconf 76' lang='lat' dir='ltr'>Lubinus.</span> <span class='ocrx_word' id='word_1_448' title='bbox 409 4034 442 4083; x_wconf 92' lang='lat' dir='ltr'>ln</span> <span class='ocrx_word' id='word_1_449' title='bbox 465 4032 620 4083; x_wconf 82' lang='lat' dir='ltr'>membranis</span> <span class='ocrx_word' id='word_1_450' title='bbox 656 4050 713 4085; x_wconf 85' lang='lat' dir='ltr'>rum</span> <span class='ocrx_word' id='word_1_451' title='bbox 725 4036 810 4086; x_wconf 84' lang='lat' dir='ltr'>obiter</span> <span class='ocrx_word' id='word_1_452' title='bbox 818 4036 903 4097; x_wconf 85' lang='lat' dir='ltr'>carpit</span> <span class='ocrx_word' id='word_1_453' title='bbox 914 4034 1028 4083; x_wconf 87' lang='lat' dir='ltr'>Persius.</span> <span class='ocrx_word' id='word_1_454' title='bbox 1047 4033 1147 4084; x_wconf 77' lang='lat' dir='ltr'>cmso.</span> 
     </span>
     <span class='ocr_line' id='line_1_49' title="bbox 93 4108 1192 4174; baseline -0.002 -14"><span class='ocrx_word' id='word_1_455' title='bbox 93 4110 240 4172; x_wconf 77' lang='lat' dir='ltr'>Caasuboui,</span> <span class='ocrx_word' id='word_1_456' title='bbox 259 4116 329 4159; x_wconf 85' lang='lat' dir='ltr'>totus</span> <span class='ocrx_word' id='word_1_457' title='bbox 346 4110 451 4174; x_wconf 82' lang='lat' dir='ltr'>quidem</span> <span class='ocrx_word' id='word_1_458' title='bbox 468 4122 557 4159; x_wconf 86' lang='lat' dir='ltr'>sessus</span> <span class='ocrx_word' id='word_1_459' title='bbox 568 4122 621 4158; x_wconf 88' lang='lat' dir='ltr'>mo·</span> <span class='ocrx_word' id='word_1_460' title='bbox 655 4147 658 4153; x_wconf 90' lang='grc'>.</span> <span class='ocrx_word' id='word_1_461' title='bbox 688 4110 815 4174; x_wconf 69' lang='lat' dir='ltr'>oNagu]</span> <span class='ocrx_word' id='word_1_462' title='bbox 830 4108 928 4173; x_wconf 82' lang='lat' dir='ltr'>Rejiuit</span> <span class='ocrx_word' id='word_1_463' title='bbox 939 4108 1045 4157; x_wconf 82' lang='lat' dir='ltr'>Persius</span> <span class='ocrx_word' id='word_1_464' title='bbox 1057 4108 1146 4159; x_wconf 85' lang='lat' dir='ltr'>dutum</span> <span class='ocrx_word' id='word_1_465' title='bbox 1157 4108 1192 4158; x_wconf 91' lang='lat' dir='ltr'>sl·</span> 
     </span>
     <span class='ocr_line' id='line_1_50' title="bbox 91 4183 1191 4249; baseline -0.001 -12"><span class='ocrx_word' id='word_1_466' title='bbox 91 4186 165 4237; x_wconf 71' lang='lat' dir='ltr'>droti</span> <span class='ocrx_word' id='word_1_467' title='bbox 172 4184 308 4247; x_wconf 77' lang='lat' dir='ltr'>tribuitur,</span> <span class='ocrx_word' id='word_1_468' title='bbox 322 4185 490 4235; x_wconf 84' lang='lat' dir='ltr'>ultimaroee</span> <span class='ocrx_word' id='word_1_469' title='bbox 498 4190 620 4246; x_wconf 68' lang='lat' dir='ltr'>excepta</span> <span class='ocrx_word' id='word_1_470' title='bbox 657 4187 684 4238; x_wconf 78' lang='lat' dir='ltr'>tl</span> <span class='ocrx_word' id='word_1_471' title='bbox 710 4186 855 4248; x_wconf 84' lang='lat' dir='ltr'>eonsilium,</span> <span class='ocrx_word' id='word_1_472' title='bbox 875 4192 905 4235; x_wconf 89' lang='lat' dir='ltr'>et</span> <span class='ocrx_word' id='word_1_473' title='bbox 923 4196 1027 4233; x_wconf 70' lang='lat' dir='ltr'>musam</span> <span class='ocrx_word' id='word_1_474' title='bbox 1048 4183 1191 4249; x_wconf 65' lang='lat' dir='ltr'>subjungit.</span> 
     </span>
     <span class='ocr_line' id='line_1_51' title="bbox 91 4258 1191 4330; baseline -0.002 -18"><span class='ocrx_word' id='word_1_475' title='bbox 91 4262 271 4330; x_wconf 50' lang='lat' dir='ltr'>Ampe]</span> <span class='ocrx_word' id='word_1_476' title='bbox 296 4261 358 4311; x_wconf 80' lang='lat' dir='ltr'>Nou</span> <span class='ocrx_word' id='word_1_477' title='bbox 368 4260 621 4312; x_wconf 76' lang='lat' dir='ltr'>Psssmstsosiuss-</span> <span class='ocrx_word' id='word_1_478' title='bbox 656 4258 1191 4327; x_wconf 69' lang='lat' dir='ltr'>Erras,iuquit,situastlmsu&#39;oueiouu·</span> 
     </span>
    </p>
   </div>
   <div class='ocr_carea' id='block_1_3' title="bbox 0 0 1472 4817">
    <p class='ocr_par' dir='ltr' id='par_1_3' title="bbox 0 0 1472 4817">
     <span class='ocr_line' id='line_1_52' title="bbox 0 0 1472 4817; baseline 0 0"><span class='ocrx_word' id='word_1_479' title='bbox 0 0 1472 4817; x_wconf 95' lang='lat' dir='ltr'> </span> 
     </span>
    </p>
   </div>
  </div>
 </body>
</html>
