2850 4817
305 344 487 405 anninus,
512 332 558 393 ar
581 344 786 393 scnrsnuor
810 342 974 394 canens.
1146 326 1192 389 la

30 486 268 551 miscuerit:
291 486 351 551 sed
363 486 398 549 in
411 487 489 569 ipsa
499 486 615 551 ironiae
626 492 743 553 natura
752 488 850 553 situm
861 488 925 551 boc
935 506 1009 551 esse
1019 487 1190 563 existimo,

34 597 86 655 nt
118 590 214 673 ejus
244 589 298 653 vis
322 594 391 653 mm
415 588 668 672 praecipuast,
699 609 775 655 cum
800 591 897 672 quasi
922 590 1048 671 ambigi
1070 588 1192 671 possit,

37 697 189 757 utrum
208 692 300 756 serio
314 690 439 755 dicium
453 690 509 765 sit,
523 710 585 755 nec
599 709 652 767 ne,
667 690 702 753 id
717 691 808 773 qnod
821 698 890 755 tum
902 691 1048 755 maxime
1059 688 1192 755 accidat

41 810 220 857 necesse
240 797 304 869 est,
318 812 393 859 curu
407 792 464 869 iis,
479 812 554 873 quae
570 790 648 857 ficta
668 798 776 859 mente
787 792 878 856 dicta
891 793 968 867 sint,
991 792 1078 855 serio
1092 791 1196 856 dictis

46 895 244 961 distincta
257 894 441 959 videamus.
486 893 614 959 Verum
636 893 699 957 bae
719 892 927 975 exquisitiori
944 894 1061 957 ironiae
1075 912 1192 974 genere

48 1016 252 1080 nunqnam
267 997 371 1061 utitur
385 996 522 1073 Noster,
542 1016 738 1079 semperque
753 997 903 1061 tererem
918 995 970 1059 rel
984 994 1071 1061 adeo
1085 995 1194 1081 depri-

50 1100 130 1163 mit
139 1099 207 1163 vel
223 1106 415 1181 exaggerat,
428 1105 467 1163 nt
480 1100 534 1165 vel
547 1098 796 1186 stupidissimus
805 1104 949 1164 mentem
958 1118 1071 1163 veram
1083 1102 1190 1182 possit

54 1199 245 1265 divinare.
290 1199 383 1263 Raro
396 1200 494 1281 igitur
519 1200 552 1263 in
571 1200 635 1263 boc
658 1219 774 1280 genere
798 1201 928 1282 pungit,
954 1207 1014 1265 aut
1039 1202 1220 1265 aculeum·

58 1300 138 1365 alte
165 1302 206 1363 in
223 1301 370 1365 animum
390 1302 540 1378 demittit,
562 1301 621 1365 sed
642 1302 677 1364 id
691 1308 819 1367 tantum
831 1301 941 1378 efficit,
965 1309 1003 1365 ut
1016 1322 1069 1365 res
1082 1303 1196 1367 studio

61 1402 271 1469 detbrmatn
285 1409 319 1467 et
331 1402 470 1493 distorta
487 1404 588 1467 risum
602 1409 745 1466 moveat.

115 1504 140 1567 J
145 1524 208 1569 am
218 1504 262 1567 de
276 1504 406 1570 dicendi
421 1524 548 1586 genere,
571 1523 637 1586 quo
652 1503 790 1567 Persius
803 1523 883 1567 usus
894 1510 957 1581 est,
972 1524 1083 1587 pauca
1096 1505 1191 1571 dica·

65 1624 172 1673 musa
217 1604 299 1669 Non
310 1612 361 1669 est
374 1606 456 1671 illud
471 1606 621 1682 hilarum,
632 1604 801 1688 jocosum,
823 1604 981 1683 facetum,
1000 1613 1035 1671 et
1058 1609 1191 1673 urbani·

69 1716 150 1771 tate
182 1705 379 1789 salibusque
410 1711 638 1788 temperatum,
668 1726 737 1789 quo
760 1706 924 1771 Horatius
948 1708 1087 1773 lectores
1119 1716 1196 1774 tan·

70 1816 200 1890 topere
224 1806 347 1871 detinet
368 1826 410 1871 ac
435 1807 586 1884 delectat,
609 1810 668 1873 sed
691 1809 783 1874 triste
809 1810 1011 1893 plerumque,
1039 1831 1191 1875 severum

75 1908 241 1986 mordax,
262 1910 444 1973 acerbitate
459 1916 493 1973 et
512 1910 691 1975 acrimonia
709 1912 855 1994 plenum.
908 1912 988 1977 Non
1010 1913 1095 1977 ridet
1113 1913 1194 1979 stul·

76 2013 206 2086 titiam,
217 2010 278 2075 sed
287 2010 418 2093 flagello
428 2012 576 2095 increpat
588 2012 671 2075 vitia
682 2020 716 2077 et
730 2013 975 2097 turpitudinem.
1021 2014 1192 2094 Ingenium

77 2118 204 2177 nactus
218 2113 333 2177 sorsau
353 2120 471 2177 nature
491 2114 629 2191 tristius,
645 2115 895 2198 modestiaeque
909 2134 932 2177 a
947 2119 1143 2198 parentibus
1156 2118 1194 2183 in

82 2214 266 2279 solitudine
276 2235 372 2298 paene
387 2216 560 2295 educatos,
576 2216 720 2281 Romam
729 2217 865 2301 quidem
875 2217 936 2283 sed
948 2217 990 2281 ad
1004 2221 1194 2301 grammati·

85 2336 150 2381 cos
180 2322 214 2380 et
240 2316 385 2383 rhetores
411 2318 539 2383 delatus
561 2324 621 2396 est,
648 2318 766 2385 deinde
784 2321 818 2383 in
833 2320 1042 2402 disciplinam
1055 2319 1194 2385 Comuti

86 2418 190 2482 veuit.
247 2418 317 2483 Hic
337 2438 515 2502 generosus
530 2420 586 2483 ille
601 2420 733 2483 animus
751 2420 893 2503 juvenili
915 2419 1035 2483 ardore
1061 2408 1220 2487 Stoico-¹

88 2540 162 2585 rrm
187 2526 356 2603 praecepta
389 2522 551 2604 arripiens
583 2542 602 2585 e
639 2522 861 2604 praeceptoris
894 2522 1114 2598 sermonibus,
1138 2543 1194 2587 res

87 2622 256 2698 humanas,
271 2640 339 2685 non
357 2627 394 2685 nt
409 2622 484 2699 sint,
505 2621 564 2687 sed
579 2629 615 2687 ut
627 2642 701 2685 esse
715 2622 869 2698 debeant,
884 2624 1059 2701 cognovit;
1081 2628 1192 2705 atque,

90 2730 129 2787 nt
141 2724 253 2801 solent,
268 2725 325 2806 qui
339 2724 509 2787 erectioris
534 2728 568 2787 et
591 2724 786 2789 ardentioris
809 2723 931 2803 ingenii
950 2727 1038 2799 sunt,
1053 2723 1193 2789 formam

92 2834 127 2891 et
141 2825 308 2907 maginem
323 2826 455 2889 illarum
480 2832 587 2891 mente
610 2828 776 2909 concepit,
792 2825 836 2889 ad
860 2845 961 2908 qoam
986 2824 1107 2889 deiude
1121 2842 1193 2889 cm-

95 2926 163 3037 nip,
174 2944 246 3008 quae
263 2926 411 2989 audisset
425 2926 618 3004 vidissetve,
634 2927 814 3010 exigebat:
847 2926 937 3005 Quae
954 2948 1029 2991 cum
1043 2926 1193 2991 animad-

98 3028 242 3093 vertisset
255 3030 298 3091 ab
314 3028 372 3091 illa
385 3048 501 3093 norma
511 3030 641 3112 lun'gius
651 3030 813 3104 aberrare,
821 3050 929 3112 eaque
938 3049 1030 3111 saepe
1038 3027 1194 3104 derideri,

100 3150 171 3215 qnae
186 3130 247 3193 sibi
260 3137 357 3195 extre
369 3150 498 3195 omnem
519 3131 736 3197 dubitationis
759 3132 867 3195 aleam
883 3133 996 3212 posita
1009 3148 1086 3191 esse
1102 3126 1192 3193 vide·

100 3237 212 3307 rentur,
224 3233 317 3313 gravi
331 3230 559 3314 indignatione
581 3250 744 3297 accensus
766 3236 827 3294 est.
872 3224 963 3295 Haec
983 3229 1100 3293 deindo
1115 3250 1192 3294 curn

102 3333 267 3417 premenda
291 3340 389 3409 esset,
414 3334 538 3417 vixque
562 3338 634 3398 toto
658 3334 743 3397 inter
771 3332 1048 3395 familiarissimos
1076 3338 1194 3414 posset

103 3434 226 3513 effundi,
249 3455 314 3499 uon
334 3436 441 3499 solum
464 3434 666 3499 vehementer
689 3440 792 3497 aucta
813 3441 876 3509 est,
900 3453 1011 3496 verum
1035 3434 1138 3497 ctiam
1156 3434 1193 3497 in

106 3536 301 3603 acerbitatem
316 3542 350 3601 et
365 3537 582 3601 acrimoniam
597 3535 689 3599 abiit.
735 3533 824 3612 Quae
840 3536 1004 3599 acerbitas
1020 3536 1192 3617 praecipue

74 3705 79 3715 ,
108 3659 140 3703 se
165 3642 281 3704 eremit
302 3642 336 3703 in
355 3639 585 3704 sententiarum
601 3636 929 3715 conformationibus,
941 3637 975 3699 in
990 3636 1095 3719 tropis
1109 3636 1193 3719 figu-

108 3741 202 3823 risque
214 3738 403 3823 deligendis,
418 3740 454 3803 in
468 3741 588 3822 quibus
610 3746 759 3821 extrema
782 3758 924 3822 semper,
939 3758 1015 3821 quoe
1031 3735 1192 3800 sermonis

109 3843 181 3907 ratio
202 3842 395 3926 suppeditet,
420 3843 580 3925 sequitur,
604 3862 666 3907 nec
688 3843 791 3906 semel
817 3842 871 3904 vel
893 3860 1022 3904 omnem
1047 3856 1142 3901 usum
1161 3842 1196 3901 et

112 3944 367 4022 consuetudinem,
380 3949 417 4009 ut
429 3946 527 4009 nobis
541 3944 677 4027 quidem
690 3943 834 4019 videtur,
849 3943 978 4022 migrat,
1000 3946 1036 4001 ut
1049 3958 1101 4015 ea,
1117 3956 1193 4020 quae

113 4052 265 4133 proponat,
278 4044 511 4129 indignationis
525 4046 738 4111 vehementiae
752 4042 982 4128 respondeant.

149 4148 356 4232 Hiocmagna
368 4167 412 4213 ex
426 4152 521 4233 parte
541 4148 634 4213 aliud
656 4147 774 4215 vitium
795 4150 903 4211 ortum
921 4146 982 4222 cst,
998 4162 1065 4228 quo
1084 4142 1194 4210 Persii
