2850 4817
231 304 275 373 lc
627 318 674 371 oc
699 318 822 369 rnnsu
847 319 949 381 vrrn,

229 534 233 545 ⁴
275 462 324 530 Ut
344 462 468 545 ubique
489 466 592 527 artem
614 462 740 527 redolet
764 462 903 540 Noster,
927 464 981 527 sic
1002 464 1103 529 etiam
1126 464 1162 529 in
1188 483 1350 536 verarum

231 566 451 633 concinnitate
465 582 739 646 numerorumque
753 565 913 645 gravitate
928 572 962 629 et
976 584 1105 643 canore.
1131 564 1201 643 Qui
1214 584 1351 641 versus,

231 670 275 735 ab
290 668 480 733 Horatiana
493 666 627 731 levitate
646 672 680 731 et
704 666 904 748 negligentia
926 666 1118 748 longissime
1131 670 1263 744 remoti,
1274 687 1350 731 non

230 778 298 835 tam
312 772 356 835 ob
366 770 404 833 id
420 768 663 851 praestantiores
674 752 888 831 existimandi
899 773 986 845 sunt,
998 788 1100 850 qnam
1113 770 1234 847 colori,
1246 790 1350 853 quem

231 871 368 935 Persius
392 870 504 934 satiris
529 870 602 933 suis
625 869 769 945 induxit,
791 869 951 950 aptiores.-
1003 868 1081 934 Non
1104 878 1208 935 vocat
1232 873 1350 936 varias

229 974 400 1039 doctorum
416 972 561 1036 virorum
576 992 677 1055 super
696 970 781 1035 haue
804 988 875 1033 rem
898 971 1071 1053 opiniones
1084 972 1255 1055 colligere,
1267 992 1349 1057 qnae

229 1077 357 1159 passim
372 1076 515 1157 longius,
532 1093 633 1158 quam
652 1094 674 1137 a
687 1073 838 1143 doctrina
850 1079 884 1136 et
898 1073 1061 1155 elegantia
1074 1073 1208 1137 illorum
1221 1094 1349 1159 expec-

229 1180 291 1244 turi
305 1180 477 1263 potuisset,
494 1196 607 1243 avero
622 1177 795 1241 aberrasse
810 1173 972 1239 videntur.
1018 1174 1098 1239 Hoc
1109 1176 1192 1240 mihi
1207 1178 1348 1261 quidem

230 1280 450 1347 certissimum
472 1278 602 1343 videtur
627 1296 712 1355 esse,
742 1276 881 1341 virtutes
909 1276 1093 1341 hexametri
1120 1280 1166 1342 ab
1196 1280 1347 1347 Horatio

229 1384 347 1449 melius
362 1390 394 1446 et
409 1381 600 1447 accuratius
614 1398 689 1443 esse
702 1382 909 1461 perspectas,
924 1396 1026 1460 quam
1049 1397 1136 1443 nunc
1150 1380 1196 1443 ab
1217 1383 1346 1446 acutis·
1390 1416 1397 1423 -

229 1486 323 1549 nimis
338 1486 461 1551 criticis
476 1484 607 1568 possint
621 1481 758 1563 intelligi
769 1501 779 1559 3
792 1479 997 1561 eundemque
1012 1499 1075 1545 non
1091 1488 1159 1544 tam
1176 1485 1345 1547 inexerci-

229 1593 333 1675 tatum
353 1589 387 1653 in
412 1587 456 1651 iis
482 1584 663 1651 condendis
686 1582 801 1659 fuisse,
828 1600 929 1665 quam
951 1582 1037 1647 nunc
1060 1601 1105 1647 ex
1127 1584 1344 1665 negligentia,

230 1708 306 1771 quur
323 1694 431 1753 tumen
446 1688 565 1771 procul
579 1687 680 1751 dubio
694 1687 841 1769 quaesita
857 1691 918 1763 est,
933 1685 1085 1767 colligere
1098 1704 1135 1749 se
1149 1679 1255 1767 posse
1270 1688 1344 1771 qui·

229 1791 305 1857 dam
326 1792 539 1872 opinantur.'⁷
1272 1802 1274 1804 ’
1412 1847 1413 1852 ,

272 1892 343 1971 Qui
359 1892 491 1957 Grrecis
506 1891 612 1956 literis
625 1892 774 1955 imbutus
787 1894 999 1955 monumenta
1012 1890 1244 1955 Romanorum
1260 1892 1341 1975 poe·
1412 1937 1413 1952 r

226 2000 331 2059 tarum
344 1994 567 2077 perlustravit,
590 2012 666 2056 eum
689 1994 868 2075 confugit,
893 1993 1204 2077 praestantissimam
1218 1995 1341 2078 ingenii
1412 1985 1413 2038 l

226 2100 364 2181 partem,
381 2114 459 2177 quse
469 2095 612 2159 cernitur
626 2094 661 2157 in
675 2096 884 2176 inveniendo,
896 2096 1047 2161 omnibus
1061 2114 1170 2180 paene,
1184 2116 1230 2161 ex
1243 2107 1340 2181 parte

225 2196 353 2275 saltem,
378 2195 533 2273 defuisse,
562 2214 686 2279 eosque
709 2216 776 2259 non
802 2204 871 2261 tem
899 2200 1086 2263 inventores
1113 2216 1225 2261 rerum
1263 2220 1339 2265 esse

225 2299 408 2377 vocandos,
437 2318 539 2382 quem
567 2299 749 2365 imitatores
782 2299 978 2367 Graecorum
1005 2305 1039 2365 et
1067 2301 1112 2363 sb
1135 2320 1254 2367 eorum
1279 2324 1337 2369 err-

225 2402 342 2485 emplis
378 2400 569 2486 pendentes.
640 2400 701 2465 Est
739 2388 846 2465 enim'
869 2404 905 2466 iu
942 2404 1141 2485 populorum
1177 2406 1336 2471 aetntibus
1412 2427 1413 2432 ¹

225 2510 259 2571 et
285 2504 461 2587 singularis
489 2502 633 2567 hominis
657 2502 730 2567 vita
751 2512 785 2566 et
807 2504 1007 2569 institutione
1031 2506 1190 2588 queedam
1217 2508 1336 2572 simfli-

224 2605 315 2671 tudo.
360 2604 517 2669 Omnium
537 2605 653 2669 mentis
675 2603 871 2669 facultatum
894 2607 1055 2670 memoria
1076 2612 1111 2671 et
1130 2608 1336 2691 imaginandi

224 2708 277 2779 ris
314 2709 421 2791 prima
458 2726 494 2770 se
531 2709 646 2784 exerit,
684 2707 983 2791 perfectionemque
1021 2710 1168 2792 aliquam
1206 2712 1335 2795 attingit
1412 2747 1414 2814 γ

222 2812 257 2871 nt
281 2807 502 2871 maturitatem
529 2827 604 2870 cum
627 2810 660 2871 in
685 2809 798 2891 pueris
822 2828 882 2873 seu
908 2810 1190 2889 adolescentibus,
1205 2819 1279 2877 tum
1300 2814 1334 2877 in

192 2984 205 3007 ·
224 2906 356 2993 populis
371 2906 508 2969 rudibus
537 2908 749 2991 nondumque
771 2910 924 3003 excultis.
969 2910 1008 2975 In
1031 2912 1095 2977 hnc
1121 2919 1234 2993 estate,
1249 2914 1333 2982 mol·
1412 2957 1413 2964 κ

224 3010 267 3075 tis
305 3006 405 3073 simul
447 3007 523 3071 aliis
565 3008 664 3073 rebus
705 3010 742 3074 in
788 3012 851 3075 hoc
896 3014 1176 3096 conspirantibus,
1217 3018 1330 3101 poiitae

223 3114 328 3179 solent
352 3113 443 3177 nosci
465 3132 487 3176 a
508 3117 625 3178 natura
647 3112 722 3177 sola
750 3114 839 3180 docti
869 3125 969 3199 atque
992 3116 1142 3180 instituti.
1199 3118 1242 3182 in
1264 3140 1333 3205 qna

223 3218 320 3277 relate
349 3234 426 3279 cum
461 3214 607 3299 populus
645 3214 818 3279 Romanos
841 3224 940 3295 esset,
973 3216 1138 3300 ingenium
1165 3220 1275 3285 minus
1299 3222 1328 3286 ei

221 3314 368 3379 defuisse
391 3314 458 3381 dici
481 3320 599 3400 potest,
624 3338 726 3402 quam
739 3318 844 3383 otium
862 3340 1035 3404 rerumque
1048 3319 1091 3382 ad
1107 3320 1212 3385 vitam
1234 3326 1330 3389 susti-

220 3414 359 3479 uendam
382 3414 549 3481 affluentia
584 3418 741 3501 quaedam
767 3425 801 3485 et
820 3427 933 3485 certus
954 3422 1139 3485 animorum
1155 3426 1329 3489 sermonis·
1412 3449 1413 3478 ³

223 3534 288 3599 que
305 3516 425 3584 cultus.
462 3519 685 3608 Praeterlapso
707 3521 765 3588 ilio
780 3528 926 3607 tempore
947 3514 1015 3587 non
1038 3522 1215 3589 Musarum
1235 3526 1328 3591 sedes

725 3736 831 3788 NOTAE

256 3876 286 3921 1⁷
297 3871 382 3923 Recte
391 3870 574 3935 uergentem
583 3870 629 3923 lo.
641 3886 701 3939 pag.
709 3878 754 3925 to.
793 3878 907 3928 maxlrne
916 3892 982 3942 opus
999 3887 1056 3929 erat
1069 3880 1203 3932 eoneiunls
1216 3884 1327 3935 versibus

218 3957 295 4011 seqq.
315 3948 364 3999 loe
382 3946 417 3997 de
438 3960 466 3997 re
483 3944 607 4023 jndicem
624 3956 653 3999 nt
677 3951 754 4013 panto
794 3962 824 4004 et
838 3958 1065 4015 eminuerunt
1084 3959 1148 4021 dote,
1163 3972 1221 4021 qna*
1234 3968 1327 4022 preter
1412 4009 1413 4020 ,

219 4022 543 4089 ”esturnellorum
559 4023 644 4075 oddit:
669 4027 755 4076 ‘Por-
795 4037 914 4082 sanetum
923 4038 1016 4096 pecten
1034 4031 1122 4095 po'e't·
1142 4040 1232 4096 ponet
1248 4035 1326 4085 lecto·

218 4096 369 4163 sicquidem
380 4100 407 4149 lu
419 4100 490 4153 trtrtt
507 4099 552 4152 illo
569 4101 754 4167 supercilio,in
795 4117 850 4155 rem
871 4113 971 4172 tenere,
987 4115 1111 4158 errorent
1131 4110 1252 4173 potura
1271 4124 1325 4161 ur·

219 4172 344 4239 slngnhrl
369 4176 415 4227 llln
441 4178 565 4229 cretionis
583 4177 755 4246 annulare,
794 4181 871 4235 terr:
