2850 4817
553 316 781 370 invasurus.
1131 241 1221 373 lltll

113 464 211 537 etim,
235 482 305 543 quse
330 462 485 542 praecipua
508 462 574 541 ejus
600 464 691 524 virtus
714 470 770 534 est,
795 462 1007 523 studiosissime
1034 462 1218 543 iuvestigarit

111 570 240 621 mentem
254 560 471 639 consiliumque
484 562 594 639 po'e'tae,
607 572 637 619 et
651 568 712 619 tum
727 578 870 619 summum
885 559 1016 636 cujusvis
1031 558 1144 632 satirae,
1153 569 1219 620 tum

111 656 291 735 singularum
307 656 433 732 partium
457 656 724 734 sententiarumque
743 655 971 733 copulationem,
986 657 1045 715 rim
1059 657 1218 735 praetiosus,

110 762 309 822 vamtatem,
324 753 451 825 facetias,
465 771 501 813 ac
524 753 625 825 salem,
648 772 751 833 magras
774 754 891 813 solertia
909 762 1050 833 rectoque
1062 753 1218 833 elegantius

110 870 197 909 sensu
212 849 383 909 declaravit.
425 851 512 909 Hanc
526 849 566 908 ob
580 868 699 909 causam
724 850 780 929 ipsi
804 869 922 927 quoque
943 850 1091 927 Grangmo
1111 850 1218 928 praete·

109 946 222 1007 rendus
235 946 363 1018 videtur,
385 946 437 1024 qui
457 947 534 1006 rana
554 945 685 1025 quidem,
699 944 863 1018 recondita,
877 957 907 1005 et
921 947 1066 1025 exquisita
1079 946 1216 1009 doctrine

106 1062 145 1102 eu
158 1044 295 1121 superior
307 1054 362 1114 est,
384 1044 435 1103 sed
456 1042 576 1103 inferior
600 1044 675 1103 bene
695 1054 890 1123 accurateque
910 1043 1121 1123 interpretandi
1141 1054 1216 1105 arte.

108 1140 193 1199 Hinc
209 1138 297 1197 etiam
312 1138 539 1199 commentarius
566 1138 725 1201 Britannici
746 1140 852 1217 saepius
866 1139 921 1198 sub
935 1141 1048 1218 prelum
1063 1149 1215 1201 resocatus

106 1244 165 1306 est,
180 1255 237 1295 nec
253 1235 380 1307 defuere,
395 1236 446 1313 qui
459 1256 616 1315 suppresso
631 1236 683 1295 viri
697 1237 805 1316 egregii
818 1236 946 1308 nornine,
961 1256 1029 1315 quae
1042 1236 1091 1297 ille
1104 1238 1215 1315 primus

106 1328 289 1403 observasit,
309 1342 448 1411 tanquam
468 1332 513 1391 sui
533 1332 640 1411 ingenii
659 1331 750 1393 sotus·
761 1332 954 1391 venditarent.
994 1333 1102 1412 Neque
1116 1341 1214 1393 tamen

107 1426 236 1501 inficior,
251 1428 315 1506 ejus
336 1428 501 1507 doctrinam
524 1441 555 1488 et
576 1428 843 1505 interpretationem
857 1428 965 1506 saepius
978 1448 1041 1487 esse
1055 1430 1101 1487 rel
1115 1430 1213 1491 miuus

107 1535 291 1597 accuratam,
307 1524 353 1583 rel
371 1523 455 1583 nimis
478 1532 609 1601 argutam
625 1532 654 1581 et
668 1522 817 1593 subtilem,
832 1524 982 1601 copiosam
995 1532 1026 1582 et
1039 1543 1216 1601 supervacu-

107 1621 307 1693 am,alienam
329 1622 360 1681 'et
383 1630 559 1689 contortam.
599 1620 759 1680 Dedicavit
782 1620 990 1680 commentaria
1011 1619 1213 1689 suaScrrotsi

101 1720 271 1800 populoque
286 1722 452 1781 Brisisrro:
473 1720 502 1781 in
518 1740 579 1800 qua
592 1720 716 1799 epistola
728 1719 841 1779 consilii
853 1718 899 1777 sui
912 1736 1016 1777 causas
1027 1726 1056 1776 et
1070 1718 1214 1781 rationem

87 1884 90 1891 ¹
106 1816 147 1874 ita
161 1816 304 1895 exponit:
329 1818 494 1878 ‘luvenalis
508 1820 625 1897 Satyrus
645 1818 700 1876 etsi
721 1816 902 1895 temporibus
915 1814 1049 1873 nostrisa
1064 1813 1212 1875 nonnullis

104 1911 170 1971 sliis
185 1914 301 1991 egregie
324 1914 444 1973 literatis
471 1914 763 1989 commentatoribus,
787 1914 834 1972 sel
858 1931 926 1971 cum
951 1930 1057 1989 magna
1077 1911 1211 1989 ipsorum

105 2007 206 2081 lande,
221 2020 363 2083 suerrum
377 2010 500 2081 fuerant,
515 2010 643 2090 aggressi
657 2028 773 2077 sumusr
796 2008 878 2087 quod
892 2009 1012 2067 omuino
1026 2007 1210 2074 animadver-

104 2113 245 2175 teremus,
260 2106 289 2165 in
303 2114 367 2165 toto
388 2125 475 2184 opere
488 2105 633 2165 multaab
647 2105 692 2177 iis,
708 2104 769 2164 sire
782 2104 897 2165 incuria
910 2104 1050 2183 quadam,
1063 2104 1122 2163 sire
1136 2122 1209 2165 con·

104 2202 184 2262 sulta
197 2222 297 2283 opera,
312 2203 460 2283 praeterita
469 2222 541 2273 esse,
551 2203 643 2281 quod,
658 2221 726 2279 qure
737 2201 793 2279 ipsi
803 2202 879 2261 torte
890 2201 1093 2280 intelligerent,
1103 2200 1209 2261 eadem

103 2308 135 2357 et
148 2300 253 2359 ceteris
267 2300 421 2377 perspicua
435 2298 654 2369 arbitrarentur,
677 2296 830 2375 multaque
852 2298 942 2357 etiam
963 2298 1051 2379 louge
1064 2297 1147 2357 aliter
1158 2316 1211 2357 es·

102 2396 213 2473 posits,
237 2416 325 2473 quam
354 2413 453 2455 sensus
479 2394 616 2455 Auctoris
639 2404 823 2473 exposceret.
863 2396 991 2472 Hocque
1010 2414 1047 2454 eo
1072 2394 1209 2455 libentius

102 2491 240 2562 fecimus,
266 2491 346 2569 quod
368 2490 540 2551 iuvenalem
564 2508 632 2550 eum
656 2508 721 2550 esse
744 2490 880 2551 norimus
902 2498 1030 2569 poetam,
1045 2492 1106 2569 qui,
1119 2489 1208 2549 veluti

103 2586 222 2666 flagello
236 2598 327 2664 atque
349 2606 415 2647 ense
437 2586 620 2664 peccantium
644 2586 716 2645 sitia
738 2606 924 2665 persequens,
939 2587 1132 2645 suluberrimo
1146 2604 1210 2645 car·

104 2683 191 2743 minis
204 2683 248 2743 sui
264 2683 339 2762 stylo
363 2683 452 2743 docet
465 2702 484 2743 a
497 2684 600 2743 semita
622 2683 837 2761 turpitudinum
849 2681 1056 2742 declinandum
1071 2682 1209 2743 bonests·

102 2788 224 2859 temque
245 2780 534 2859 apprehendendam,
557 2782 598 2840 its
623 2780 698 2841 utin
722 2778 832 2839 sobolis
852 2778 985 2857 (quaudo
1008 2779 1208 2839 adolescentes

102 2876 225 2955 poetice
238 2876 407 2937 instituendi
429 2878 497 2952 siut)
520 2878 592 2937 nibil
616 2878 675 2939 lere
696 2876 1022 2949 utiliuslsructuosiusve
1036 2876 1092 2954 legi
1105 2883 1206 2953 queat.

101 2970 220 3033 lieninr
236 2973 307 3033 mibi
326 2984 389 3033 tum
409 2974 527 3035 demum
550 2973 748 3053 probatissimi
762 2973 896 3033 ridentur
908 2976 1065 3044 ductores,
1079 2991 1206 3051 quorum

101 3068 240 3129 doctrina
260 3089 318 3129 non
342 3079 403 3129 tam
423 3071 461 3131 ad
475 3072 667 3150 voluptatem,
688 3090 777 3149 quam
797 3070 836 3129 ad
850 3070 1061 3130 institutionem
1075 3076 1206 3129 nostrum

103 3165 240 3227 retertur.
282 3165 412 3227 Confido
434 3178 542 3239 autem,
565 3168 594 3227 in
619 3178 683 3229 toto
706 3186 804 3246 opere,
823 3177 930 3244 praeter
951 3164 1073 3223 fortasse
1086 3162 1207 3223 trisaut
1334 3199 1338 3214 -

105 3272 234 3341 quatuor
248 3262 285 3323 ad
301 3282 448 3322 summum
470 3264 543 3335 loca,
566 3284 633 3343 qum
653 3272 705 3324 aut
724 3261 833 3341 ingenii
851 3262 909 3320 mei
930 3260 1139 3332 imbecillitate,
1154 3269 1207 3322 aut

100 3378 214 3419 murum
227 3360 412 3439 ignoratione
434 3371 564 3421 veterum
585 3380 644 3421 nou
669 3359 819 3419 intellecta
832 3357 985 3417 altioribus
999 3357 1126 3435 ingeniis,
1138 3376 1207 3418 eno·

99 3455 197 3515 danda
216 3458 364 3536 relinquo,
387 3457 459 3517 nibil
483 3476 600 3536 prorsus
623 3456 768 3527 relictum,
784 3454 865 3536 quod
879 3474 898 3513 a
911 3474 958 3513 me
971 3474 1030 3513 non
1044 3453 1081 3513 sit
1093 3455 1204 3533 optime

85 3550 304 3633 dilucidatum,
335 3555 485 3633 multaque
513 3554 600 3614 etiam
624 3554 709 3632 louge
734 3553 843 3613 metius
870 3552 1026 3630 explicata,
1055 3570 1143 3630 quam
1164 3550 1204 3611 ab

98 3650 237 3710 omnibus
250 3650 324 3720 aliis,
340 3650 390 3729 qui
404 3661 470 3709 ante
481 3650 566 3711 mein
577 3650 655 3710 bunc
670 3657 786 3729 poetam
801 3649 963 3726 scripsere:
1004 3648 1070 3708 lloc
1085 3649 1204 3726 quidem

97 3766 181 3807 uerno
195 3747 285 3807 facile
300 3747 437 3825 negabit:
461 3747 512 3807 sed
527 3746 608 3825 quod
624 3754 633 3779 ⁴
645 3746 681 3805 de
692 3747 787 3806 tribus
798 3754 850 3805 aut
863 3754 991 3823 quatuor
1004 3745 1042 3805 ad
1057 3762 1204 3819 summum

97 3845 169 3905 locis
192 3864 211 3903 a
240 3864 272 3902 se
296 3843 418 3903 fortasse
446 3863 505 3902 non
529 3844 697 3903 intellectis'
721 3843 805 3914 dixit,
828 3842 884 3901 etsi
908 3862 974 3901 vere
998 3841 1089 3919 magis
1112 3858 1203 3917 quam

91 3942 241 4019 jactanter
253 3940 370 4009 ¹dictum
387 3941 502 4012 vellem,
516 3946 670 4017 (quantum
691 3940 769 4001 enim
783 3950 846 4000 turn
859 3938 923 3999 aliis
937 3938 1066 4015 miliique
1085 3934 1203 3995 fecisset

83 4038 182 4107 ‚oriitr
203 4037 315 4096 nollem
340 4047 442 4105 tamen,
459 4038 486 4098 ei
505 4037 672 4099 excidisset.
713 4037 794 4109 Quid
819 4036 849 4096 in
870 4054 908 4096 eo
927 4034 1054 4112 ejusque
1065 4024 1202 4093 doctrina

96 4132 328 4215 vituperandum
341 4133 389 4205 sit,
397 4134 460 4213 jum
475 4153 564 4214 supra
577 4135 686 4197 monui.
