2850 4817
163 1196 574 1297 RECENSUS
622 1205 1087 1299 EDITIONUM

506 1448 729 1546 ransu,

80 1662 213 1717 mnan
231 1666 392 1720 auctiore
407 1666 829 1723 tiammo-nnnnsmno
846 1670 891 1721 ET
912 1670 953 1721 IN
977 1667 1156 1723 QUATUOR

441 1778 588 1832 AETATES
610 1780 789 1832 DlGESTUS

534 2036 698 2059 omum„

70 2278 211 2368 Pam
243 2318 337 2367 ms
366 2322 390 2367 1.
411 2307 515 2367 natalis
542 2306 784 2380 1469.-1499.;
805 2327 872 2387 qnae
898 2304 936 2369 ad
957 2307 1089 2369 Persium
1109 2318 1173 2370 tuns

112 2400 270 2481 separatim
288 2401 351 2462 aine
371 2403 440 2461 loco
460 2411 489 2461 et
503 2421 591 2473 anno,
606 2412 669 2462 turn
679 2404 782 2461 llomae
795 2420 845 2479 ap.
857 2401 961 2463 Udalr.
975 2403 1095 2462 Gallum
1111 2408 1172 2479 (an.

115 2500 218 2569 1470.)
236 2516 306 2557 corn
328 2498 470 2558 Juvenale
489 2496 604 2558 editum
624 2498 749 2575 origines
767 2496 865 2557 refert.
908 2498 971 2556 llas
994 2508 1174 2575 exceperunt

113 2596 280 2655 Brixienses
292 2595 331 2654 ab
340 2614 391 2655 an.
410 2602 498 2663 1473.
507 2604 537 2653 et
548 2592 782 2653 Mediolanenses
791 2592 934 2652 Zarotinae
947 2592 986 2651 ab
998 2612 1048 2653 on.
1065 2602 1172 2665 lam

113 2689 235 2753 Venetae
247 2674 327 2761 dein,
341 2708 464 2770 quanam
479 2706 504 2753 1.
519 2708 586 2749 curn
603 2691 719 2749 Cornus.
734 2688 836 2749 anst.
850 2688 946 2747 Fontii
959 2690 1070 2767 prodiit
1085 2698 1172 2751 1480.

114 2786 164 2847 ΑΙ)
173 2786 291 2847 alterins
299 2788 537 2847 commentatoris
547 2787 597 2847 lo.
608 2786 768 2846 Britannici
781 2806 852 2846 cura
863 2784 1174 2846 commendaturllrix·

112 2881 198 2942 iensis
209 2898 249 2943 11.
268 2891 354 2943 1481.
400 2884 531 2961 Uterque
548 2881 646 2961 juncti
660 2893 829 2961 comparent
847 2881 877 2941 in
892 2884 1004 2941 Veneta
1015 2898 1066 2942 vr.
1083 2890 1171 2955 1491.

115 2977 230 3039 Persius
244 2998 313 3041 vero
328 2979 375 3039 rel
389 2980 480 3050 solos,
496 2980 542 3039 vel
557 2998 624 3039 curn
638 2979 783 3039 ¹iuvenale
797 2979 846 3037 edi
860 2978 1024 3038 consuevit.
1183 2978 1190 2988 ⁰

76 3076 141 3135 Sine
154 3094 233 3135 anno
244 3084 280 3135 et·
288 3075 373 3136 loco:
389 3077 479 3135 l’ersii
494 3079 605 3155 Satyris
618 3096 626 3144 ;
640 3096 732 3154 quarn
742 3076 872 3155 scriptor
878 3076 974 3135 catat.
986 3074 1063 3134 Bibl.
1077 3073 1175 3134 Hulsi·

114 3188 179 3230 anne
190 3170 321 3231 omniurn
335 3171 500 3250 principem
511 3182 666 3252 censetor
679 3190 774 3241 versa,
789 3171 881 3248 quiin
895 3170 955 3229 fine
967 3171 1090 3249 legitur:

235 3280 364 3360 Explicit
377 3284 500 3363 ignotus
514 3302 567 3362 per
580 3292 675 3343 totum
690 3282 817 3343 Persius
830 3282 940 3342 orbem.

78 3424 119 3443 ι·
132 3394 219 3455 Persii
232 3396 331 3455 Flacci
344 3396 513 3456 nobilissimi
527 3396 647 3477 satyrici
661 3397 775 3467 unicus,
787 3395 839 3484 ned
850 3394 1080 3474 elegantisshnus
1089 3397 1177 3477 Saty·
1247 3405 1249 3408 '

120 3510 214 3551 raram
234 3492 308 3551 liber
322 3492 372 3553 sol.
388 3494 518 3553 occurrit
542 3494 570 3553 iu
595 3494 661 3553 Cat.
686 3490 763 3551 Bibl.
789 3492 965 3553 Uffenbach.
980 3494 1019 3552 T.
1037 3510 1077 3555 11.
1091 3496 1173 3573 App·

120 3586 261 3646 Incunab'.
276 3588 347 3647 artis
362 3600 475 3667 typogr.
492 3586 607 3648 Additt.
623 3609 652 3647 n.
666 3586 736 3649 ³46.
749 3608 781 3666 p.
798 3598 866 3656 817.

82 3714 120 3731 ··-
133 3693 160 3743 4.
173 3682 289 3741 Persius
302 3704 369 3743 curn
383 3684 487 3761 glossis
502 3684 648 3763 Scipionis
663 3684 784 3743 Ferrarii
796 3685 919 3762 Georgii
932 3682 983 3744 filii
994 3684 1032 3745 de
1042 3686 1177 3747 Monier-

120 3786 190 3848 rato,
205 3794 384 3839 memoratur
403 3780 525 3859 Engelio
548 3782 577 3841 in
603 3779 681 3841 Bibl.
705 3780 803 3841 select.
819 3801 849 3859 p.
867 3790 933 3843 1‘23.
976 3778 1059 3841 ldrnr
1073 3782 1174 3861 Scipio

121 3873 204 3933 etiarn
219 3873 248 3933 in
263 3876 327 3935 Val.
343 3876 441 3937 Flacci
456 3880 619 3961 Argonaut.
634 3878 746 3956 glossas
760 3878 863 3937 edidit.
1068 3862 1071 3865 ⁴

85 3969 147 4029 Sine
167 3988 253 4041 anno,
279 3972 371 4031 Persii
392 3976 520 4053 Satyra:
541 3974 627 4052 cujus
649 3971 697 4033 ed.
720 3983 904 4042 vetustatem,
922 3978 1002 4031 certe
1027 3970 1056 4029 in
1077 3974 1178 4041 Gallie

98 4064 320 4145 principatum,
347 4064 457 4149 colligit
481 4070 610 4149 scriptor
633 4073 701 4133 Cat.
725 4070 802 4130 Bibl.
826 4064 915 4132 Huls.
939 4088 976 4128 es
997 4068 1130 4129 versibus
1143 4069 1174 4129 in

124 4158 230 4221 finez·
327 4164 331 4175 ⁴
459 4182 462 4189 ·
802 4155 826 4165 '⁴

145 4248 411 4338 meracae
638 4274 708 4327 rm.
1085 4274 1112 4327 r
