2850 4817
645 440 680 489 Α.
705 437 828 488 sunsit
852 438 983 489 rbtcct

587 1014 881 1107 SATIRA
932 1016 1030 1105 ΙΙΙ.

657 1262 956 1285 ...s-...wb—

670 1431 944 1484 Auuumurtwtr.

290 1608 411 1665 momen
422 1629 453 1665 ec
464 1612 617 1666 desidiosum
625 1612 794 1679 juventutem
803 1614 956 1675 Romenem,
966 1612 1059 1676 opibus
1069 1619 1099 1662 et
1107 1611 1250 1664 nobilitete
1261 1610 1364 1674 fretn,

258 1694 355 1745 sorites
362 1696 467 1745 Persius
475 1694 525 1748 sub
537 1709 647 1760 persone
658 1694 802 1760 philosophi
811 1694 893 1745 Stoici
903 1694 1066 1759 perstringit.
1088 1693 1294 1745 Sententierurs
1303 1694 1362 1745 ordo

254 1774 298 1825 liic
309 1780 358 1824 est.
391 1775 530 1825 Dormiunt
540 1776 652 1841 Juveoes
666 1774 800 1825 delicstuli
817 1776 843 1823 iu
865 1776 974 1825 multem
984 1773 1061 1823 diem.
1072 1778 1116 1835 4.;
1139 1772 1256 1824 exciteti
1275 1786 1362 1823 wne

254 1853 348 1905 morosi
359 1862 475 1919 surqrmt,
486 1854 624 1919 recingunt
634 1870 663 1907 se
678 1856 771 1919 lebori,
781 1855 941 1921 desidiaque
956 1855 1054 1905 crimen
1064 1855 1138 1905 senis
1148 1855 1363 1904 excusetion'lses

254 1932 370 1998 effugere
381 1940 493 1986 tentent.
505 1939 545 1986 ll.
578 1938 656 1988 Henc
667 1937 793 1987 ustionem
804 1937 931 2001 puerilem
947 1949 1041 2001 sueque
1055 1950 1114 1986 cuns
1123 1935 1312 1999 indignatione
1323 1949 1363 1983 ee·

253 2013 362 2079 probret
382 2015 507 2077 megister
524 2014 630 2081 edultis,
641 2023 830 2082 monstratque,
841 2032 886 2067 eos
902 2016 1069 2081 sibimetipsis
1079 2015 1159 2066 verbs
1168 2015 1237 2065 dere
1247 2030 1305 2065 non
1314 2029 1363 2063 es·

253 2092 346 2157 pietro,
356 2092 456 2157 sibique
473 2110 569 2145 nocere
587 2110 685 2147 summe
700 2098 809 2147 mollitie
819 2097 985 2161 depressius.
1002 2100 1045 2147 28.
1078 2094 1222 2145 Formendi
1238 2094 1363 2160 fingend-

253 2180 304 2237 que
315 2172 348 2221 ed
360 2172 462 2221 virtutis
473 2182 606 2237 precepto
616 2176 694 2225 euiml
713 2190 784 2227 nune
801 2176 914 2226 menime
931 2185 1033 2241 tempus
1050 2176 1158 2225 insum.
1173 2180 1237 2237 2103
1258 2176 1363 2225 divides

252 2268 284 2304 ec
303 2250 467 2302 nobilitatem
485 2252 519 2303 ed
539 2254 606 2305 bsue
623 2254 752 2319 beateque
766 2256 904 2307 vivendum
915 2257 1019 2307 minime
1028 2254 1155 2307 sufficere.
1166 2260 1209 2307 29.
1245 2258 1361 2310 Quem

253 2346 340 2384 rersrm
351 2338 516 2383 externorum
532 2336 697 2399 splendorem
713 2337 802 2387 oculos
821 2338 927 2403 quidem
946 2352 1021 2402 posse
1037 2336 1216 2402 perstringere
1226 2336 1361 2402 imperito

253 2412 453 2478 summotenus
463 2429 515 2466 nou
525 2416 598 2466 item.
610 2421 651 2466 10.
685 2418 859 2468 Miserrimem
877 2434 933 2468 esse
949 2419 1125 2468 conditionem
1144 2430 1247 2480 eornm,
1266 2418 1314 2483 qui
1325 2433 1361 2466 re·

251 2494 315 2547 licto
326 2496 423 2546 virtute
434 2495 542 2560 scireut,
553 2496 614 2562 quid
633 2497 817 2563 perdidissent
834 2502 877 2549 tl.
908 2498 942 2550 ld
953 2500 1022 2565 quod
1033 2499 1115 2564 megis
1127 2500 1277 2549 illustretur
1288 2496 1360 2548 brevi

251 2576 411 2642 digressione
422 2577 447 2626 iu
460 2578 564 2629 virtutis
573 2579 750 2643 prestantium
761 2586 789 2629 et
798 2580 964 2631 conscientie
975 2580 1102 2643 stimulos,
1121 2580 1215 2646 quibus
1236 2580 1308 2629 illios
1319 2579 1360 2628 de-

253 2664 367 2713 sertores
379 2672 427 2707 ceu
437 2658 572 2709 Furiarum
583 2659 658 2709 toedls
669 2659 843 2723 exegitentor.
853 2662 894 2726 11.
926 2660 1093 2709 Communem
1101 2658 1207 2724 quidem
1218 2673 1361 2723 puerorum

251 2752 443 2803 morem,quem
454 2740 538 2789 eversi
557 2754 573 2788 s
592 2741 673 2789 rectis
690 2740 784 2792 studiis
794 2754 852 2791 esse
865 2741 975 2804 soleant,
993 2739 1137 2806 quibusque
1153 2740 1235 2789 rebus
1253 2740 1361 2791 ludicris

251 2818 364 2867 menime
381 2824 530 2880 teneantur,
548 2820 668 2884 exemplo
691 2835 725 2869 ex
741 2836 788 2869 sue
806 2820 888 2883 ipsius
907 2820 1020 2884 pueritie
1036 2820 1116 2871 ducto
1128 2819 1306 2871 demonstret.
1320 2827 1360 2871 st.

251 2896 303 2947 Sed
313 2896 379 2957 illos,
391 2911 449 2946 cum
455 2897 511 2962 jem
522 2913 556 2948 ex
567 2898 674 2963 ephebis
685 2901 857 2966 excesserint,
877 2910 956 2965 etque
970 2900 997 2951 id
1009 2900 1094 2951 aetstis
1106 2901 1167 2960 siut,
1183 2908 1214 2950 ut
1231 2908 1360 2953 rectnme

249 2992 331 3044 prere
347 2977 497 3043 dignoscere
509 2986 614 3045 queunt,
625 2980 789 3031 nibilominus
803 2988 890 3031 temen
900 2981 967 3031 mire
977 2982 1088 3046 quedem
1105 2970 1270 3046 negligentis
1281 2982 1309 3031 in
1319 2982 1359 3031 de·

251 3060 355 3125 ligeudo
366 3060 413 3112 sibi
425 3066 497 3111 certo
508 3061 594 3127 sliquo
606 3060 668 3111 vitm
680 3074 776 3123 genere
787 3076 852 3125 esse,
861 3060 973 3125 ideoque
983 3062 1041 3111 sine
1051 3060 1122 3110 omui
1133 3058 1218 3110 futuri
1227 3076 1304 3113 eure.
1319 3066 1357 3112 62

250 3140 283 3191 In
296 3148 413 3207 tempore
424 3142 445 3191 sl
461 3142 615 3193 edlribestur
625 3140 765 3202 medicine,
775 3156 896 3206 magnum
907 3142 963 3204 ejus
971 3155 1046 3191 usum
1057 3155 1114 3189 esse
1122 3158 1139 3215 3¹
1149 3140 1264 3204 perditis
1274 3151 1357 3193 estu

250 3222 332 3272 semel
350 3224 465 3274 moribus
484 3222 620 3289 sapientise
642 3228 845 3287 praeceptorem
860 3220 967 3270 mederi.
978 3226 1020 3271 111.
1054 3220 1246 3271 Doctrinerem
1257 3223 1357 3287 quiden

250 3301 369 3365 megistri
382 3302 517 3368 sstupidis
529 3304 653 3368 derideri,
663 3303 839 3367 tetricemqus
849 3302 962 3365 ipsorum
972 3316 1004 3351 ec
1014 3314 1142 3351 morosum
1160 3301 1356 3368 pbiloeopbien,

250 3388 281 3431 ut
292 3380 369 3445 vulgo
381 3382 545 3445 perbibesut,
556 3398 606 3433 uon
624 3384 709 3433 cureri
727 3386 786 3445 87.;
802 3381 923 3444 exemplo
938 3386 1026 3431 unm
1044 3380 1079 3429 sb
1099 3387 1201 3444 egroto
1217 3382 1356 3431 sumtode·

249 3469 387 3523 monstret,
406 3477 482 3527 quem
503 3464 676 3527 periculosum
695 3464 740 3524 sit,
759 3461 853 3511 medici
872 3460 979 3509 consiliu
989 3459 1144 3523 neglexisse,
1162 3461 1355 3526 sepissimeqoe

250 3545 361 3591 mortem
372 3542 445 3605 liujus
463 3543 597 3606 neglectus
617 3558 720 3607 poeneru
733 3555 798 3591 esse.
816 3545 872 3590 1011.
905 3540 943 3589 Ut
953 3539 1069 3603 corporis
1079 3538 1164 3588 morbi
1173 3554 1355 3607 nonnunqum

248 3622 359 3684 leteeut,
368 3634 450 3686 eoque
459 3623 635 3672 vehementius
646 3624 697 3673 vim
705 3637 777 3672 suem
787 3620 875 3671 subito
883 3633 992 3670 exerere
1001 3620 1115 3667 solcum:
1138 3620 1178 3667 sic
1188 3622 1273 3671 etiem
1283 3621 1355 3671 enimi

249 3701 444 3764 commotiones,
465 3702 600 3751 occasione
618 3704 723 3764 obluta»,
743 3701 827 3751 solere
846 3716 874 3751 se
885 3701 1038 3752 ostendere·
1049 3703 1105 3748 111.
1139 3700 1269 3764 Megnem
1281 3703 1355 3768 igiter

248 3798 336 3835 curem
349 3782 421 3833 nobis
432 3781 603 3832 adhibendum
615 3795 681 3845 esse,
693 3789 733 3844 nt,
744 3782 844 3832 etiamsi
856 3782 907 3832 rim
928 3782 1036 3845 ulicnjns
1047 3779 1130 3829 morbi
1143 3793 1194 3829 non
1206 3783 1355 3845 sentiemus,

247 3878 348 3918 omnem
361 3860 617 3926 mnenduigenusm
629 3861 655 3910 in
675 3860 865 3925 nobismetipsis
885 3855 1006 3913 tumodis'
1019 3860 1167 3926 futurisque
1187 3863 1353 3914 mcrbiscen

247 3947 365 4013 corporis
376 3954 431 3997 tum
441 3944 518 3996 enimi
526 3943 687 3995 occurrendo
699 3956 836 4009 ponemus.
