2850 4817
318 326 498 389 ιιοιιιιιυι,
523 326 569 375 nr
592 326 797 377 senisenni
821 326 988 377 sennen.
1061 304 1066 311 '
1158 311 1203 375 16

63 469 230 549 Nero,¹⁵
252 477 320 537 tam
335 474 515 539 absurdum
540 480 601 552 est,
624 480 661 540 ut
685 477 783 539 mirer
803 474 919 553 fuisse,
933 474 992 559 qui
1013 472 1207 560 huiusmodi

64 572 174 656 quid
201 576 289 639 serio
310 580 502 659 repeterent,
525 596 586 641 uec
608 577 833 659 intelligerent,
862 596 908 641 ex
928 575 1023 641 uaria
1045 576 1201 642 codicum

62 679 235 744 lectiorm
249 680 497 763 grammaticum
512 680 626 743 nescio
641 698 739 763 quern
752 679 837 743 ihud
850 680 1074 745 somniasse.¹⁶

123 780 176 845 In
190 800 322 847 morum
336 782 536 866 turpitudine
551 782 717 864 carpenda
729 782 808 845 dum
821 786 972 847 vmsatur
987 781 1136 860 Persius,
1150 802 1202 849 res

68 880 175 946 adeo
201 883 234 945 ci
259 883 391 963 indigna
416 893 515 966 atque
539 884 748 947 intoleranda
769 884 910 961 videtur,
933 889 983 961 ut,
1003 883 1135 966 judicio
1157 906 1202 950 ex

69 989 207 1047 nostro
223 1002 322 1047 sensu
337 984 417 1062 leto,
431 986 543 1049 verbis
569 991 601 1049 et
620 985 823 1050 dictionibus
840 990 952 1051 utetur
973 987 1153 1064 obscoenis,
1168 993 1204 1053 et

71 1086 117 1149 in
134 1088 249 1169 tropis
264 1086 445 1169 figurisque
469 1086 651 1170 deligendis
677 1106 807 1151 omnem
832 1086 968 1151 modum
983 1087 1032 1150 ita
1046 1090 1201 1169 excedat,

73 1193 122 1251 ut
137 1187 315 1264 interdum,
331 1188 411 1271 quid
435 1189 498 1252 sihi
520 1190 613 1265 velit,
634 1190 732 1271 plane
756 1190 956 1253 nesciamus.
1017 1186 1139 1272 Atque,
1171 1192 1202 1256 si

74 1308 160 1353 rem
177 1292 367 1353 accuratius
393 1288 649 1366 consideramus,
670 1297 820 1373 apparet,
831 1310 906 1354 eum
919 1308 984 1353 uon
1000 1290 1062 1355 ille
1075 1293 1203 1356 abomi-

76 1390 205 1455 nanda
218 1392 375 1473 attigisse,
391 1392 510 1474 quibus
524 1390 674 1455 homines
693 1397 772 1456 tuuc
796 1392 921 1474 passim
936 1398 1028 1456 erant
1042 1396 1201 1459 contami·

79 1494 176 1569 nati,
190 1494 249 1556 sed
264 1494 390 1559 leviora
404 1500 542 1572 tantum,
553 1501 586 1563 et
600 1496 672 1578 jam
691 1493 830 1569 dudum,
842 1496 1026 1576 praesertim
1042 1513 1064 1557 u
1077 1496 1202 1562 delica-

81 1596 184 1673 tulis,
200 1616 290 1661 more
301 1604 448 1679 recepta,
464 1598 507 1661 ad
522 1597 739 1663 immodicum
752 1597 902 1679 corporis
916 1596 1040 1659 cultum
1062 1597 1201 1662 effoemi·

82 1704 272 1781 natamque
307 1698 478 1763 mollitiem
514 1702 635 1781 magis,
665 1720 765 1783 quarn
797 1698 840 1762 ad
878 1717 1005 1763 morum
1029 1699 1202 1765 infamiam

85 1800 366 1883 voluptatumque
388 1802 623 1885 turpitudinem
647 1803 843 1885 spectantia.
888 1800 1003 1881 Quidi
1026 1802 1055 1866 si
1071 1822 1113 1867 oa
1127 1820 1202 1865 cas·

83 1902 240 1985 rugasset,
264 1922 340 1984 quse
363 1902 539 1967 Juvenalis
561 1902 760 1986 quibusdam
784 1904 870 1967 locis
894 1906 1053 1986 exagitat.
1076 1902 1201 1987 quibus

86 2004 226 2069 tandem
239 2006 348 2069 verbis
363 2024 439 2068 eum
454 2024 589 2069 usurum
605 2004 709 2069 luisse
721 2005 971 2069 existimemusi
994 2004 1119 2069 Verum
1133 2006 1200 2069 illae

88 2107 268 2184 dictiones,
292 2126 378 2190 quas
403 2107 564 2185 adhibuit,
586 2108 694 2183 rebus,
719 2126 797 2190 quae
820 2112 985 2189 notantur,
1011 2126 1201 2171 accommo-

92 2209 183 2274 datae
219 2214 313 2289 sunt;
336 2230 397 2273 nec
420 2210 488 2275 dici
516 2216 634 2293 potest,
666 2228 742 2274 eum
772 2210 996 2291 indignatione
1027 2210 1201 2291 abreptum

89 2311 375 2395 pirgineumillum
390 2310 560 2395 pudorem,
570 2330 666 2394 quem
678 2312 780 2394 vulgo
788 2312 836 2375 illi
851 2311 1042 2387 tribuerunt,
1054 2311 1200 2386 exuisse,

93 2432 174 2478 cum
186 2414 245 2478 illa
258 2416 361 2479 verba
382 2420 459 2478 tunc
481 2414 535 2477 vel
556 2434 578 2479 a
599 2416 681 2477 viris
702 2415 849 2478 honestis
871 2417 1116 2495 usurparentur,
1138 2428 1200 2474 nec

95 2515 215 2581 Cicero
244 2516 407 2581 erubuerit
432 2517 468 2579 in
492 2515 693 2598 Philippicis
718 2514 789 2578 suis
814 2512 857 2577 do
879 2513 978 2576 rebus
999 2511 1200 2577 foedioribua

94 2618 205 2683 verbis
219 2618 320 2683 etiam
336 2616 602 2683 obscoenioribus
621 2618 679 2680 uti.

597 2840 704 2891 Nom

132 2968 162 3013 15
178 2960 273 3025 Verba,
284 2976 342 3026 qnae
356 2960 481 3025 leguntur
492 2960 546 3009 Sui.
559 2974 577 3011 ι.
589 2975 626 3011 vs.
667 2962 787 3027 luemque
803 2960 944 3025 existimat,
954 2972 1044 3009 versus
1062 2958 1118 3007 illos
1131 2956 1200 3006 dele-

99 3038 160 3091 tm:
176 3038 330 3089 ιΑιιιίιιιιιιι
350 3038 414 3087 asini
430 3037 505 3087 hilda
518 3052 562 3087 rex
582 3038 626 3087 hs·
667 3048 706 3089 tos
726 3038 758 3087 sd
776 3052 868 3087 novam
879 3038 984 3087 sutirum
995 3032 1152 3099 pertinuisse
1162 3032 1201 3081 in·

98 3116 161 3179 hst,'
181 3122 268 3165 narret
288 3115 348 3165 ritae
370 3122 461 3165 unctor
484 3116 625 3163 Cornutnrn
667 3117 787 3165 clroutuut
807 3122 908 3165 tautum
930 3126 979 3161 nec
1006 3110 1065 3159 dnm
1090 3108 1200 3159 fluitant.

99 3194 136 3243 ita
147 3192 205 3241 satis
217 3192 328 3241 absurde
342 3197 468 3239 mutasse:
494 3192 502 3217 ‘
516 3189 626 3239 Auricu·
666 3190 750 3240 Addit
769 3197 912 3252 preterea:
930 3187 1006 3237 ‘Etsi
1025 3200 1087 3235 vero
1099 3192 1200 3234 certum

99 3272 135 3321 las
146 3270 205 3317 asini
213 3268 267 3333 quis
278 3282 328 3315 non
340 3266 435 3316 hubet’
667 3276 718 3327 est,
732 3274 803 3315 reete
815 3265 899 3313 Persii
916 3264 1008 3313 librum
1028 3262 1122 3311 hodie'
1115 3277 1142 3310 m
1154 3276 1200 3311 sex

127 3352 159 3399 to
167 3348 232 3397 vire
240 3345 529 3410 suctorprretereslrsc
538 3345 629 3395 hebet
668 3342 761 3392 saturus
771 3339 910 3404 distingui
930 3339 958 3388 in
968 3338 1153 3401 antiquissimus
1164 3344 1202 3386 ts

103 3424 222 3476 ‘linus‘
216 3438 299 3486 ipsum
322 3422 416 3473 librum
445 3420 627 3485 imperfectum
669 3432 727 3466 nien
745 3415 901 3465 membranis
912 3415 987 3463 ιιιιιιι
1008 3414 1201 3463 distinctionem

104 3501 210 3565 reliquit.
254 3500 349 3549 Versus
368 3498 445 3587 aliqui
466 3496 547 3547 demti
567 3504 628 3547 stunt
668 3493 828 3543 invenimus:
846 3492 873 3539 iu
889 3489 1200 3561 multisoninrcodicibns

104 3578 187 3629 ultimo
207 3574 276 3636 libri,
298 3580 327 3624 nt
346 3574 419 3638 qnasi
442 3572 528 3621 linitus
549 3578 626 3623 essct.
668 3570 781 3635 quinque
802 3568 882 3615 solum
910 3566 1005 3616 satire
1023 3572 1200 3624 numeruntur,

105 3653 202 3703 Leviter
222 3652 375 3699 retractavit
403 3649 540 3711 Cornutus
541 3648 548 3669 ’
575 3652 626 3698 dic.
668 3653 763 3710 qusrts
778 3643 929 3693 adtertiurn
950 3643 1088 3706 adjuncta:
1107 3640 1201 3704 inqui-

104 3730 203 3781 Sichur
217 3728 320 3777 Reizins
337 3726 454 3775 exhibuit
457 3741 532 3789 ‚qnae
551 3724 628 3775 aliter
668 3721 777 3771 busdam
804 3720 940 3770 continuus
966 3729 1006 3769 ιιι
1035 3734 1099 3769 ιιιιιιι
1125 3718 1201 3779 liber,

106 3806 237 3872 apudalios
226 3818 362 3865 asemper
379 3811 465 3853 tumen
483 3803 520 3851 itu
537 3803 626 3865 legun·
667 3798 738 3846 nulls
766 3797 901 3845 satirarum
927 3795 997 3843 fucta
1022 3792 1201 3843 distinctione.

106 3892 152 3945 ιιιι,
168 3894 193 3931 ιιι
214 3883 300 3930 nnllns
323 3894 413 3928 sensns
436 3878 545 3927 idonens
566 3878 627 3927 inde
667 3876 735 3923 Sanc
753 3872 908 3932 Priscianus,
922 3881 1002 3933 utque
1021 3870 1201 3930 sliigrsmmu·

108 3960 159 4011 eliel
178 3960 263 4023 possit.
299 3958 420 4005 Ceterum
443 3954 492 4003 hoe
515 3955 552 4003 its
574 3968 626 4002 non
668 3950 723 3999 tier
728 3949 838 4012 antiqui
847 3946 948 4013 quonss
957 3944 1074 3991 Persium
1085 3940 1201 4003 laudent,

108 4054 156 4089 erre
170 4032 356 4100 recipiendum,
376 4032 448 4097 quusi
461 4044 530 4079 nune
547 4030 627 4080 satire
667 4026 761 4075 librum
778 4023 920 4085 nominant,
935 4034 987 4069 nou
1004 4017 1096 4069 satiras
1112 4032 1200 4069 nume·

108 4112 335 4173 canturiensem,
354 4124 412 4175 qum
433 4106 570 4171 pros-uir
545 4106 625 4155 dnbio
666 4102 743 4153 runt?

107 4195 194 4259 integre
204 4196 255 4252 est,
264 4188 318 4253 jum
330 4186 380 4236 Cas
382 4186 496 4235 anhcnus
510 4182 625 4231 monuit·
618 4218 626 4245 ,
