2850 4817
317 404 495 469 noussen,
520 406 568 455 m·
588 402 795 457 senisenni
817 404 981 456 unum
1155 396 1200 463 19

92 556 223 623 Verum
246 558 315 624 fieri
336 578 403 625 non
424 560 547 643 potuit,
564 558 655 642 quin,
679 578 756 623 oum
776 563 809 622 et
828 577 892 636 res,
911 576 1049 641 quarum
1071 564 1195 628 mentio

90 658 133 725 lit
148 662 182 723 in
196 661 320 739 satiris,
336 662 520 745 eoepissent
541 680 584 725 ex
606 667 699 744 parte
713 662 868 743 ignorari,
886 652 926 725 et'
940 660 1070 729 dicendi
1090 682 1196 753 genus

91 780 117 825 a
140 762 270 843 vulgari
285 763 411 827 ratione
430 764 463 826 in
481 762 552 826 dies
574 762 681 843 magis
704 764 877 846 magisque
900 762 1099 846 discrepare,
1113 767 1197 833 inter

89 862 259 927 obscuros
283 864 458 946 scriptores
483 861 618 925 Persius
645 861 827 939 referretur,
862 866 1132 950 grammatieique
1150 866 1195 933 ad

89 984 171 1028 eum
192 964 428 1046 explicandum
451 984 487 1029 se
511 964 726 1045 accingerent.
771 962 928 1041 Fuerunt,
950 968 1008 1048 qni
1030 975 1196 1049 putarent,

90 1066 206 1133 Persii
227 1068 346 1132 satim
369 1088 390 1131 a
412 1064 556 1131 Cornuto
571 1064 708 1129 scholiis
730 1064 907 1129 instructos
929 1067 964 1131 in
982 1067 1091 1135 luceru
1117 1090 1194 1153 pro·

89 1170 209 1246 diisse,
233 1174 332 1253 atque
357 1188 401 1233 ex
428 1168 472 1233 iis
499 1168 636 1233 scholiis
661 1166 820 1249 decerpta
841 1166 996 1249 quaedam
1012 1168 1194 1251 fragmenta

86 1274 136 1337 iis
166 1271 272 1337 adhuc
298 1272 405 1335 inesse
426 1268 573 1347 scholiis,
598 1288 676 1353 quse
704 1288 793 1333 nunc
822 1268 1101 1335 circumferuntur.
1159 1270 1195 1338 A

88 1392 235 1457 quorum
247 1374 402 1456 opinione
415 1371 566 1454 equidem
590 1376 657 1435 tarn
678 1371 773 1451 longe
787 1371 915 1447 absum,
930 1375 966 1435 ut
978 1378 1101 1454 putem,
1116 1373 1197 1439 Per·

87 1476 181 1540 sium
201 1474 381 1555 antiquitus
408 1473 506 1537 nullis
534 1472 670 1537 scholiis
696 1471 801 1539 fuisse
821 1473 1030 1550 instructum,
1052 1493 1129 1541 eum
1152 1478 1194 1541 iis

84 1575 173 1641 nibil
193 1594 278 1657 opus
300 1581 388 1639 esset
408 1575 595 1658 aequalibus
615 1576 698 1657 ejus,
720 1576 844 1656 quibus
864 1581 899 1638 et
923 1575 1064 1655 cognitur
1086 1595 1138 1640 res
1159 1584 1194 1643 et

87 1678 253 1741 sermonis
268 1678 354 1741 ratio
367 1678 476 1740 notior
489 1682 571 1740 erat.
615 1674 706 1755 Quin
715 1674 888 1762 probabile
901 1680 964 1751 est,
974 1693 1015 1738 ne
1027 1676 1063 1739 H
1065 1678 1192 1762 ierony-

86 1798 182 1842 mum
197 1778 329 1861 quidem
345 1777 494 1843 codicem
512 1796 614 1841 manu
634 1781 808 1842 exaratum
823 1775 932 1840 Persii
951 1774 1090 1843 scholiis
1111 1778 1194 1844 dita·

85 1886 161 1947 tum
183 1886 239 1945 aut
261 1884 337 1945 unte
351 1878 468 1943 oculos
480 1879 638 1945 hahuisse
653 1883 710 1944 aut
725 1878 934 1961 cognovisse,
956 1878 1103 1963 alioquin
1124 1885 1193 1949 tam

88 1981 249 2069 acerbum
263 1980 306 2046 de
321 1980 522 2045 obscuritate
537 1979 626 2043 illius
636 1978 800 2065 judicium
812 1998 879 2043 non
893 1978 1033 2043 tulisset.
1073 1978 1194 2065 Neque

86 2085 123 2149 in
138 2082 288 2159 scholiis,
300 2085 337 2147 ut
357 2100 444 2145 nunc
456 2084 544 2159 sumt,
559 2080 661 2144 ullum
682 2078 886 2162 nequioris
901 2081 1074 2163 vestigium
1089 2102 1196 2167 appa·

85 2190 159 2264 ret3
182 2185 339 2267 pleraque
368 2188 445 2247 sunt
470 2182 642 2268 ejusmodi,
672 2188 709 2248 ut
734 2182 964 2266 unnsquisque
992 2202 1057 2247 non
1092 2186 1192 2268 plane

86 2288 235 2368 ineptus,
248 2285 336 2350 lecto
349 2284 464 2369 aliquo
484 2286 573 2363 loco,
588 2284 715 2349 eadem
729 2284 866 2349 alliuere
880 2288 1005 2367 posset,
1019 2284 1101 2368 quia
1111 2287 1195 2351 nihil

86 2388 134 2451 iis
157 2386 253 2465 inest,
275 2386 364 2470 quod
378 2405 445 2451 non
458 2388 543 2471 ipsis
557 2386 701 2451 auctoris
716 2385 825 2449 verbis
839 2386 1060 2464 contineatur;
1081 2398 1193 2468 pauca

87 2493 218 2563 tanturm
234 2508 278 2551 ex
294 2488 407 2571 aliquo
422 2486 637 2570 grammatico
650 2504 717 2549 non
729 2486 828 2551 nimis
843 2490 973 2551 vetusto
993 2491 1113 2549 temere
1134 2486 1192 2552 de·

87 2594 207 2673 cerpta
229 2588 335 2653 videri
361 2593 510 2672 possunt.
559 2586 626 2651 Sed
651 2586 851 2670 nescioquo
873 2586 945 2650 sato
972 2586 1009 2650 id
1028 2588 1192 2653 accidisse

85 2691 212 2769 dicam,
239 2696 276 2757 ut
298 2690 409 2757 nullus
434 2691 529 2756 locus
551 2689 744 2757 difficultate
768 2688 883 2772 alique
903 2686 1042 2771 insignis
1063 2688 1192 2773 aliquid

85 2790 175 2857 lucis
189 2795 306 2858 neotus
321 2792 366 2857 sit
377 2810 423 2857 ex
436 2791 505 2859 illis
515 2790 672 2875 scholiis5
694 2808 773 2855 nam
789 2790 844 2855 vel
858 2787 991 2855 omuino
1004 2789 1115 2868 silent,
1136 2792 1191 2859 vel

85 2912 130 2958 ea
152 2892 335 2973 explicant,
355 2892 528 2975 inquibus
541 2910 636 2955 nemo
658 2891 792 2955 baereat.
837 2888 1065 2957 Nihilominus
1081 2895 1193 2959 tamen

86 3012 131 3058 ea
146 2992 275 3057 scholia
289 2988 454 3055 utilissimo
476 2992 512 3055 in
528 2991 685 3055 ¹Persium
698 2992 827 3075 passim
841 2991 941 3056 etiem
955 3011 976 3056 a
989 2993 1193 3058 doctissimis

85 3094 173 3159 viris
195 3096 365 3159 vocantur.
409 3091 537 3157 Verum
560 3110 636 3156 euru
659 3093 694 3155 in
721 3092 965 3176 antiquioribus
987 3093 1192 3159 editionibus

85 3194 217 3261 scholia
243 3194 449 3278 proferantur
472 3194 631 3279 pleniora,
660 3212 761 3276 quarn
786 3212 838 3270 ee,
863 3210 942 3275 quo»
969 3190 1191 3258 Gaseubonas

83 3296 225 3360 editioni
254 3314 325 3359 sune
356 3294 486 3379 adjecit,
522 3295 744 3377 nonnullaque
770 3316 792 3359 e
817 3295 899 3359 viris
929 3294 1037 3359 doctis
1068 3296 1192 3361 inedite

87 3396 264 3462 laudentur
292 3396 383 3460 etin
408 3394 618 3461 bibliothecis
643 3394 752 3460 adhuc
777 3394 926 3471 latentia,
953 3398 1026 3458 tota
1052 3395 1120 3459 iste
1148 3396 1191 3460 de

85 3496 227 3563 scholiis
253 3496 433 3580 disputatio
454 3496 497 3575 ei,
521 3496 579 3580 qui
603 3495 793 3561 melioribus
817 3495 988 3578 presidiis
1012 3497 1192 3562 instructus

83 3604 149 3676 ost,
165 3596 377 3683 relinquenda
389 3596 467 3661 mihi
485 3596 626 3662 videtur.

858 3694 902 3760 G.
917 3695 957 3759 L.
979 3694 1169 3761 KOENIG.

119 3780 233 3844 συκέης.
252 3786 324 3831 reos.

584 3892 693 3942 NOTAE

82 3988 217 4056 exquisite
233 3988 521 4053 dictnmpntent,quod
538 3988 616 4037 inter·
658 3994 709 4036 tur.
742 3986 836 4051 ltaque
851 3986 872 4033 ri
891 3986 1024 4049 arrdqnnnr
1041 3998 1186 4034 sermonem

82 4065 240 4132 pretendere
253 4064 305 4116 sit?
325 4066 360 4113 Et
373 4078 411 4115 rx.
420 4069 445 4115 t.
455 4066 463 4092 ‘
471 4064 617 4114 Verborum
656 4072 745 4115 nostro
755 4077 942 4128 compererunt,
952 4076 1027 4126 pene
1035 4064 1104 4127 jour,
1114 4063 1188 4128 quid·

80 4142 173 4207 figora
195 4148 224 4191 et
242 4148 351 4191 mutate
371 4149 431 4193 ruat
452 4154 563 4204 seraper,
578 4148 616 4203 et,
657 4143 721 4209 qnid
729 4145 867 4208 loquimur,
877 4141 962 4205 figura
971 4139 1031 4191 est?

80 4228 225 4285 utcumque
242 4218 324 4269 voluit
339 4219 508 4282 conscinde,
518 4224 618 4268 mutan-
