<?xml version="1.0" encoding="UTF-8"?>
<!DOCTYPE html PUBLIC "-//W3C//DTD XHTML 1.0 Transitional//EN"
    "http://www.w3.org/TR/xhtml1/DTD/xhtml1-transitional.dtd">
<html xmlns="http://www.w3.org/1999/xhtml" xml:lang="en" lang="en">
 <head>
  <title>
</title>
<meta http-equiv="Content-Type" content="text/html;charset=utf-8" />
  <meta name='ocr-system' content='tesseract 3.04.00' />
  <meta name='ocr-capabilities' content='ocr_page ocr_carea ocr_par ocr_line ocrx_word'/>
</head>
<body>
  <div class='ocr_page' id='page_1' title='image "./djuniijuvenalis00unkngoog/djuniijuvenalis00unkngoog_0296.png"; bbox 0 0 2850 4817; ppageno 0'>
   <div class='ocr_carea' id='block_1_1' title="bbox 230 296 948 379">
    <p class='ocr_par' dir='ltr' id='par_1_1' title="bbox 230 296 948 379">
     <span class='ocr_line' id='line_1_1' title="bbox 230 296 948 379; baseline 0.003 -16"><span class='ocrx_word' id='word_1_1' title='bbox 230 296 254 363; x_wconf 73' lang='lat' dir='ltr'><strong>b</strong></span> <span class='ocrx_word' id='word_1_2' title='bbox 623 314 671 365; x_wconf 79' lang='lat' dir='ltr'><strong>or</strong></span> <span class='ocrx_word' id='word_1_3' title='bbox 696 312 820 365; x_wconf 74' lang='lat' dir='ltr'><strong>rursu</strong></span> <span class='ocrx_word' id='word_1_4' title='bbox 843 313 948 379; x_wconf 77' lang='lat' dir='ltr'><strong>vrrs,</strong></span> 
     </span>
    </p>
   </div>
   <div class='ocr_carea' id='block_1_2' title="bbox 207 456 1411 4203">
    <p class='ocr_par' dir='ltr' id='par_1_2' title="bbox 207 456 1411 3999">
     <span class='ocr_line' id='line_1_2' title="bbox 232 456 1367 543; baseline 0.003 -19"><span class='ocrx_word' id='word_1_5' title='bbox 232 456 386 530; x_wconf 85' lang='lat' dir='ltr'><strong>Persium</strong></span> <span class='ocrx_word' id='word_1_6' title='bbox 400 458 581 535; x_wconf 65' lang='lat' dir='ltr'><strong>mdeumus</strong></span> <span class='ocrx_word' id='word_1_7' title='bbox 594 459 763 542; x_wconf 72' lang='lat' dir='ltr'><strong>pauloque</strong></span> <span class='ocrx_word' id='word_1_8' title='bbox 776 460 967 523; x_wconf 74' lang='lat' dir='ltr'><strong>accuratius</strong></span> <span class='ocrx_word' id='word_1_9' title='bbox 991 458 1034 523; x_wconf 85' lang='lat' dir='ltr'><strong>de</strong></span> <span class='ocrx_word' id='word_1_10' title='bbox 1058 479 1100 524; x_wconf 87' lang='lat' dir='ltr'><strong>eo</strong></span> <span class='ocrx_word' id='word_1_11' title='bbox 1125 478 1248 543; x_wconf 72' lang='lat' dir='ltr'><strong>genero</strong></span> <span class='ocrx_word' id='word_1_12' title='bbox 1277 460 1367 526; x_wconf 80' lang='lat' dir='ltr'><strong>dis-</strong></span> 
     </span>
     <span class='ocr_line' id='line_1_3' title="bbox 233 558 1363 646; baseline 0.002 -19"><span class='ocrx_word' id='word_1_13' title='bbox 233 578 392 637; x_wconf 83' lang='lat' dir='ltr'><strong>seramus,</strong></span> <span class='ocrx_word' id='word_1_14' title='bbox 408 558 500 643; x_wconf 91' lang='lat' dir='ltr'><strong>quod</strong></span> <span class='ocrx_word' id='word_1_15' title='bbox 525 559 580 625; x_wconf 87' lang='lat' dir='ltr'><strong>iiie</strong></span> <span class='ocrx_word' id='word_1_16' title='bbox 604 564 739 623; x_wconf 86' lang='lat' dir='ltr'><strong>secutus</strong></span> <span class='ocrx_word' id='word_1_17' title='bbox 756 563 818 623; x_wconf 84' lang='lat' dir='ltr'><strong>est</strong></span> <span class='ocrx_word' id='word_1_18' title='bbox 862 558 1050 625; x_wconf 81' lang='lat' dir='ltr'><strong>Videamus</strong></span> <span class='ocrx_word' id='word_1_19' title='bbox 1073 566 1175 644; x_wconf 81' lang='lat' dir='ltr'><strong>igitur</strong></span> <span class='ocrx_word' id='word_1_20' title='bbox 1193 565 1363 646; x_wconf 86' lang='lat' dir='ltr'><strong>primum</strong></span> 
     </span>
     <span class='ocr_line' id='line_1_4' title="bbox 233 660 1361 749; baseline 0.001 -21"><span class='ocrx_word' id='word_1_21' title='bbox 233 662 275 729; x_wconf 87' lang='lat' dir='ltr'><strong>de</strong></span> <span class='ocrx_word' id='word_1_22' title='bbox 300 663 507 747; x_wconf 71' lang='lat' dir='ltr'><strong>argumentis,</strong></span> <span class='ocrx_word' id='word_1_23' title='bbox 536 682 612 745; x_wconf 79' lang='lat' dir='ltr'><strong>quae</strong></span> <span class='ocrx_word' id='word_1_24' title='bbox 639 660 812 727; x_wconf 75' lang='lat' dir='ltr'><strong>tractanda</strong></span> <span class='ocrx_word' id='word_1_25' title='bbox 833 662 900 726; x_wconf 86' lang='lat' dir='ltr'><strong>sibi</strong></span> <span class='ocrx_word' id='word_1_26' title='bbox 929 666 1114 749; x_wconf 78' lang='lat' dir='ltr'>proposuit,</span> <span class='ocrx_word' id='word_1_27' title='bbox 1138 667 1172 729; x_wconf 92' lang='lat' dir='ltr'><strong>in</strong></span> <span class='ocrx_word' id='word_1_28' title='bbox 1197 686 1361 749; x_wconf 83' lang='lat' dir='ltr'><strong>quorum</strong></span> 
     </span>
     <span class='ocr_line' id='line_1_5' title="bbox 235 754 1362 851; baseline 0 -21"><span class='ocrx_word' id='word_1_29' title='bbox 235 754 365 831; x_wconf 83' lang='lat' dir='ltr'><strong>delectu</strong></span> <span class='ocrx_word' id='word_1_30' title='bbox 389 782 508 847; x_wconf 76' lang='lat' dir='ltr'><strong>magua</strong></span> <span class='ocrx_word' id='word_1_31' title='bbox 531 765 643 833; x_wconf 86' lang='lat' dir='ltr'><strong>cautio</strong></span> <span class='ocrx_word' id='word_1_32' title='bbox 669 764 821 828; x_wconf 83' lang='lat' dir='ltr'><strong>habenda</strong></span> <span class='ocrx_word' id='word_1_33' title='bbox 844 770 898 829; x_wconf 87' lang='lat' dir='ltr'><strong>est</strong></span> <span class='ocrx_word' id='word_1_34' title='bbox 917 766 1037 851; x_wconf 69' lang='lat' dir='ltr'><strong>potitae.</strong></span> <span class='ocrx_word' id='word_1_35' title='bbox 1095 766 1232 831; x_wconf 82' lang='lat' dir='ltr'><strong>Debent·</strong></span> <span class='ocrx_word' id='word_1_36' title='bbox 1252 769 1362 831; x_wconf 84' lang='lat' dir='ltr'><strong>enim</strong></span> 
     </span>
     <span class='ocr_line' id='line_1_6' title="bbox 233 866 1362 951; baseline 0 -18"><span class='ocrx_word' id='word_1_37' title='bbox 233 885 310 933; x_wconf 77' lang='lat' dir='ltr'><strong>esec</strong></span> <span class='ocrx_word' id='word_1_38' title='bbox 330 866 506 951; x_wconf 87' lang='lat' dir='ltr'><strong>ejusmodi,</strong></span> <span class='ocrx_word' id='word_1_39' title='bbox 529 872 567 929; x_wconf 90' lang='lat' dir='ltr'><strong>ut</strong></span> <span class='ocrx_word' id='word_1_40' title='bbox 587 886 647 949; x_wconf 84' lang='lat' dir='ltr'><strong>per</strong></span> <span class='ocrx_word' id='word_1_41' title='bbox 668 886 705 930; x_wconf 86' lang='lat' dir='ltr'><strong>se</strong></span> <span class='ocrx_word' id='word_1_42' title='bbox 723 869 796 951; x_wconf 90' lang='lat' dir='ltr'><strong>jam</strong></span> <span class='ocrx_word' id='word_1_43' title='bbox 818 868 976 933; x_wconf 85' lang='lat' dir='ltr'><strong>lectorem</strong></span> <span class='ocrx_word' id='word_1_44' title='bbox 996 870 1245 951; x_wconf 86' lang='lat' dir='ltr'><strong>quodammodo</strong></span> <span class='ocrx_word' id='word_1_45' title='bbox 1276 871 1362 935; x_wconf 81' lang='lat' dir='ltr'><strong>aiii·</strong></span> 
     </span>
     <span class='ocr_line' id='line_1_7' title="bbox 236 969 1360 1055; baseline 0.002 -22"><span class='ocrx_word' id='word_1_46' title='bbox 236 970 335 1045; x_wconf 74' lang='lat' dir='ltr'><strong>sant,</strong></span> <span class='ocrx_word' id='word_1_47' title='bbox 348 975 427 1033; x_wconf 90' lang='lat' dir='ltr'><strong>nota</strong></span> <span class='ocrx_word' id='word_1_48' title='bbox 441 969 573 1053; x_wconf 85' lang='lat' dir='ltr'><strong>quidem</strong></span> <span class='ocrx_word' id='word_1_49' title='bbox 588 975 689 1053; x_wconf 87' lang='lat' dir='ltr'><strong>atque</strong></span> <span class='ocrx_word' id='word_1_50' title='bbox 708 970 861 1052; x_wconf 78' lang='lat' dir='ltr'><strong>insignia,</strong></span> <span class='ocrx_word' id='word_1_51' title='bbox 876 972 926 1035; x_wconf 87' lang='lat' dir='ltr'><strong>ita</strong></span> <span class='ocrx_word' id='word_1_52' title='bbox 939 978 1049 1035; x_wconf 81' lang='lat' dir='ltr'><strong>tamen</strong></span> <span class='ocrx_word' id='word_1_53' title='bbox 1064 974 1175 1034; x_wconf 87' lang='lat' dir='ltr'><strong>animo</strong></span> <span class='ocrx_word' id='word_1_54' title='bbox 1189 992 1360 1055; x_wconf 82' lang='lat' dir='ltr'><strong>compre·</strong></span> 
     </span>
     <span class='ocr_line' id='line_1_8' title="bbox 235 1070 1359 1156; baseline 0.001 -21"><span class='ocrx_word' id='word_1_55' title='bbox 235 1070 346 1149; x_wconf 80' lang='lat' dir='ltr'><strong>hensa,</strong></span> <span class='ocrx_word' id='word_1_56' title='bbox 361 1076 400 1136; x_wconf 88' lang='lat' dir='ltr'><strong>ut</strong></span> <span class='ocrx_word' id='word_1_57' title='bbox 418 1070 577 1135; x_wconf 87' lang='lat' dir='ltr'><strong>novitatis</strong></span> <span class='ocrx_word' id='word_1_58' title='bbox 598 1088 733 1154; x_wconf 84' lang='lat' dir='ltr'><strong>quoquc</strong></span> <span class='ocrx_word' id='word_1_59' title='bbox 756 1074 895 1151; x_wconf 76' lang='lat' dir='ltr'><strong>gratiam</strong></span> <span class='ocrx_word' id='word_1_60' title='bbox 910 1073 1066 1148; x_wconf 89' lang='lat' dir='ltr'><strong>babeant,</strong></span> <span class='ocrx_word' id='word_1_61' title='bbox 1081 1083 1277 1156; x_wconf 85' lang='lat' dir='ltr'><strong>quanquam</strong></span> <span class='ocrx_word' id='word_1_62' title='bbox 1297 1074 1359 1138; x_wconf 75' lang='lat' dir='ltr'><strong>uei</strong></span> 
     </span>
     <span class='ocr_line' id='line_1_9' title="bbox 235 1172 1357 1257; baseline -0.004 -17"><span class='ocrx_word' id='word_1_63' title='bbox 235 1172 451 1255; x_wconf 76' lang='lat' dir='ltr'><strong>negligentius</strong></span> <span class='ocrx_word' id='word_1_64' title='bbox 480 1172 758 1255; x_wconf 76' lang='lat' dir='ltr'><strong>circumspicienti</strong></span> <span class='ocrx_word' id='word_1_65' title='bbox 785 1174 909 1257; x_wconf 89' lang='lat' dir='ltr'><strong>ubique</strong></span> <span class='ocrx_word' id='word_1_66' title='bbox 930 1173 1034 1237; x_wconf 86' lang='lat' dir='ltr'><strong>obvia</strong></span> <span class='ocrx_word' id='word_1_67' title='bbox 1053 1174 1241 1238; x_wconf 84' lang='lat' dir='ltr'><strong>videantur.</strong></span> <span class='ocrx_word' id='word_1_68' title='bbox 1307 1175 1357 1239; x_wconf 85' lang='lat' dir='ltr'><strong>ln</strong></span> 
     </span>
     <span class='ocr_line' id='line_1_10' title="bbox 237 1273 1355 1359; baseline 0 -20"><span class='ocrx_word' id='word_1_69' title='bbox 237 1274 344 1359; x_wconf 83' lang='lat' dir='ltr'><strong>prima</strong></span> <span class='ocrx_word' id='word_1_70' title='bbox 357 1277 461 1339; x_wconf 84' lang='lat' dir='ltr'><strong>satira</strong></span> <span class='ocrx_word' id='word_1_71' title='bbox 474 1276 542 1356; x_wconf 82' lang='lat' dir='ltr'><strong>egit</strong></span> <span class='ocrx_word' id='word_1_72' title='bbox 556 1273 680 1338; x_wconf 82' lang='lat' dir='ltr'><strong>Noster</strong></span> <span class='ocrx_word' id='word_1_73' title='bbox 693 1274 735 1338; x_wconf 88' lang='lat' dir='ltr'><strong>dc</strong></span> <span class='ocrx_word' id='word_1_74' title='bbox 746 1276 934 1357; x_wconf 86' lang='lat' dir='ltr'><strong>importuna</strong></span> <span class='ocrx_word' id='word_1_75' title='bbox 947 1276 1114 1339; x_wconf 84' lang='lat' dir='ltr'><strong>scribendi</strong></span> <span class='ocrx_word' id='word_1_76' title='bbox 1128 1282 1162 1339; x_wconf 88' lang='lat' dir='ltr'><strong>at</strong></span> <span class='ocrx_word' id='word_1_77' title='bbox 1182 1277 1355 1340; x_wconf 83' lang='lat' dir='ltr'><strong>recitandi</strong></span> 
     </span>
     <span class='ocr_line' id='line_1_11' title="bbox 237 1376 1354 1461; baseline 0 -20"><span class='ocrx_word' id='word_1_78' title='bbox 237 1376 405 1461; x_wconf 82' lang='lat' dir='ltr'><strong>cupidine,</strong></span> <span class='ocrx_word' id='word_1_79' title='bbox 429 1396 469 1441; x_wconf 85' lang='lat' dir='ltr'><strong>ac</strong></span> <span class='ocrx_word' id='word_1_80' title='bbox 493 1376 535 1440; x_wconf 90' lang='lat' dir='ltr'><strong>de</strong></span> <span class='ocrx_word' id='word_1_81' title='bbox 559 1395 664 1460; x_wconf 85' lang='lat' dir='ltr'><strong>pravo</strong></span> <span class='ocrx_word' id='word_1_82' title='bbox 687 1381 720 1439; x_wconf 92' lang='lat' dir='ltr'><strong>ct</strong></span> <span class='ocrx_word' id='word_1_83' title='bbox 743 1384 897 1460; x_wconf 86' lang='lat' dir='ltr'><strong>corrupto</strong></span> <span class='ocrx_word' id='word_1_84' title='bbox 912 1378 1096 1442; x_wconf 73' lang='lat' dir='ltr'><strong>venustatis</strong></span> <span class='ocrx_word' id='word_1_85' title='bbox 1110 1381 1145 1440; x_wconf 86' lang='lat' dir='ltr'><strong>ct</strong></span> <span class='ocrx_word' id='word_1_86' title='bbox 1159 1378 1354 1460; x_wconf 83' lang='lat' dir='ltr'><strong>pulchritu-</strong></span> 
     </span>
     <span class='ocr_line' id='line_1_12' title="bbox 238 1477 1353 1565; baseline 0 -22"><span class='ocrx_word' id='word_1_87' title='bbox 238 1477 324 1543; x_wconf 85' lang='lat' dir='ltr'><strong>dinis</strong></span> <span class='ocrx_word' id='word_1_88' title='bbox 340 1480 479 1565; x_wconf 82' lang='lat' dir='ltr'><strong>judicio.</strong></span> <span class='ocrx_word' id='word_1_89' title='bbox 525 1479 564 1543; x_wconf 93' lang='lat' dir='ltr'><strong>In</strong></span> <span class='ocrx_word' id='word_1_90' title='bbox 580 1478 725 1543; x_wconf 88' lang='lat' dir='ltr'><strong>secunda</strong></span> <span class='ocrx_word' id='word_1_91' title='bbox 740 1478 782 1541; x_wconf 88' lang='lat' dir='ltr'><strong>de</strong></span> <span class='ocrx_word' id='word_1_92' title='bbox 796 1479 950 1562; x_wconf 76' lang='lat' dir='ltr'><strong>precibus</strong></span> <span class='ocrx_word' id='word_1_93' title='bbox 963 1480 1125 1561; x_wconf 85' lang='lat' dir='ltr'><strong>improbis</strong></span> <span class='ocrx_word' id='word_1_94' title='bbox 1149 1485 1185 1542; x_wconf 88' lang='lat' dir='ltr'><strong>et</strong></span> <span class='ocrx_word' id='word_1_95' title='bbox 1207 1480 1353 1561; x_wconf 78' lang='lat' dir='ltr'><strong>ineptis,</strong></span> 
     </span>
     <span class='ocr_line' id='line_1_13' title="bbox 237 1578 1352 1665; baseline -0.001 -21"><span class='ocrx_word' id='word_1_96' title='bbox 237 1578 354 1645; x_wconf 80' lang='lat' dir='ltr'><strong>Tertia</strong></span> <span class='ocrx_word' id='word_1_97' title='bbox 382 1580 582 1645; x_wconf 88' lang='lat' dir='ltr'><strong>desidiosam</strong></span> <span class='ocrx_word' id='word_1_98' title='bbox 610 1587 643 1645; x_wconf 87' lang='lat' dir='ltr'><strong>et</strong></span> <span class='ocrx_word' id='word_1_99' title='bbox 667 1580 800 1643; x_wconf 88' lang='lat' dir='ltr'><strong>mollem</strong></span> <span class='ocrx_word' id='word_1_100' title='bbox 825 1578 1012 1643; x_wconf 89' lang='lat' dir='ltr'><strong>Romanam</strong></span> <span class='ocrx_word' id='word_1_101' title='bbox 1035 1580 1243 1665; x_wconf 88' lang='lat' dir='ltr'><strong>juventutem</strong></span> <span class='ocrx_word' id='word_1_102' title='bbox 1268 1600 1352 1663; x_wconf 87' lang='lat' dir='ltr'><strong>per·</strong></span> 
     </span>
     <span class='ocr_line' id='line_1_14' title="bbox 237 1681 1351 1766; baseline 0.001 -21"><span class='ocrx_word' id='word_1_103' title='bbox 237 1683 387 1764; x_wconf 75' lang='lat' dir='ltr'><strong>stringit3</strong></span> <span class='ocrx_word' id='word_1_104' title='bbox 410 1687 529 1766; x_wconf 90' lang='lat' dir='ltr'><strong>quarta</strong></span> <span class='ocrx_word' id='word_1_105' title='bbox 541 1681 699 1764; x_wconf 78' lang='lat' dir='ltr'><strong>regnandi</strong></span> <span class='ocrx_word' id='word_1_106' title='bbox 714 1682 929 1764; x_wconf 76' lang='lat' dir='ltr'><strong>cupiditatem</strong></span> <span class='ocrx_word' id='word_1_107' title='bbox 943 1701 1116 1765; x_wconf 82' lang='lat' dir='ltr'><strong>rerumque</strong></span> <span class='ocrx_word' id='word_1_108' title='bbox 1130 1684 1351 1765; x_wconf 85' lang='lat' dir='ltr'><strong>publicarum</strong></span> 
     </span>
     <span class='ocr_line' id='line_1_15' title="bbox 237 1782 1348 1866; baseline -0.004 -17"><span class='ocrx_word' id='word_1_109' title='bbox 237 1802 364 1862; x_wconf 80' lang='lat' dir='ltr'><strong>cruam,</strong></span> <span class='ocrx_word' id='word_1_110' title='bbox 391 1803 503 1849; x_wconf 88' lang='lat' dir='ltr'><strong>corum</strong></span> <span class='ocrx_word' id='word_1_111' title='bbox 524 1784 670 1847; x_wconf 90' lang='lat' dir='ltr'><strong>omnium</strong></span> <span class='ocrx_word' id='word_1_112' title='bbox 694 1783 854 1864; x_wconf 84' lang='lat' dir='ltr'><strong>ignaram,</strong></span> <span class='ocrx_word' id='word_1_113' title='bbox 879 1784 1002 1866; x_wconf 88' lang='lat' dir='ltr'><strong>quibus</strong></span> <span class='ocrx_word' id='word_1_114' title='bbox 1026 1783 1087 1847; x_wconf 89' lang='lat' dir='ltr'><strong>niti</strong></span> <span class='ocrx_word' id='word_1_115' title='bbox 1111 1782 1241 1847; x_wconf 83' lang='lat' dir='ltr'><strong>debeat</strong></span> <span class='ocrx_word' id='word_1_116' title='bbox 1303 1783 1348 1846; x_wconf 89' lang='lat' dir='ltr'><strong>Iu</strong></span> 
     </span>
     <span class='ocr_line' id='line_1_16' title="bbox 240 1885 1350 1969; baseline -0.001 -18"><span class='ocrx_word' id='word_1_117' title='bbox 240 1887 356 1969; x_wconf 86' lang='lat' dir='ltr'><strong>quinta</strong></span> <span class='ocrx_word' id='word_1_118' title='bbox 369 1887 412 1951; x_wconf 85' lang='lat' dir='ltr'><strong>de</strong></span> <span class='ocrx_word' id='word_1_119' title='bbox 425 1906 503 1951; x_wconf 89' lang='lat' dir='ltr'><strong>vera</strong></span> <span class='ocrx_word' id='word_1_120' title='bbox 515 1886 668 1950; x_wconf 86' lang='lat' dir='ltr'><strong>libertate</strong></span> <span class='ocrx_word' id='word_1_121' title='bbox 681 1886 786 1969; x_wconf 82' lang='lat' dir='ltr'><strong>agitur</strong></span> <span class='ocrx_word' id='word_1_122' title='bbox 798 1906 807 1966; x_wconf 81' lang='lat'>3</span> <span class='ocrx_word' id='word_1_123' title='bbox 833 1885 866 1947; x_wconf 93' lang='lat' dir='ltr'><strong>in</strong></span> <span class='ocrx_word' id='word_1_124' title='bbox 880 1890 976 1949; x_wconf 83' lang='lat' dir='ltr'><strong>sexto</strong></span> <span class='ocrx_word' id='word_1_125' title='bbox 986 1885 1033 1948; x_wconf 71' lang='lat' dir='ltr'><strong>‘dc</strong></span> <span class='ocrx_word' id='word_1_126' title='bbox 1046 1885 1195 1967; x_wconf 78' lang='lat' dir='ltr'><strong>legitimo</strong></span> <span class='ocrx_word' id='word_1_127' title='bbox 1208 1885 1350 1950; x_wconf 79' lang='lat' dir='ltr'><strong>divitia·</strong></span> 
     </span>
     <span class='ocr_line' id='line_1_17' title="bbox 240 1986 1349 2071; baseline 0.001 -20"><span class='ocrx_word' id='word_1_128' title='bbox 240 2006 311 2051; x_wconf 89' lang='lat' dir='ltr'><strong>rum</strong></span> <span class='ocrx_word' id='word_1_129' title='bbox 327 1993 384 2053; x_wconf 86' lang='lat' dir='ltr'><strong>aut</strong></span> <span class='ocrx_word' id='word_1_130' title='bbox 397 1989 445 2051; x_wconf 89' lang='lat' dir='ltr'><strong>rei</strong></span> <span class='ocrx_word' id='word_1_131' title='bbox 455 1987 628 2053; x_wconf 81' lang='lat' dir='ltr'><strong>familiaris</strong></span> <span class='ocrx_word' id='word_1_132' title='bbox 641 2006 718 2053; x_wconf 86' lang='lat' dir='ltr'><strong>usu.</strong></span> <span class='ocrx_word' id='word_1_133' title='bbox 763 1986 804 2051; x_wconf 93' lang='lat' dir='ltr'><strong>In</strong></span> <span class='ocrx_word' id='word_1_134' title='bbox 819 1988 935 2071; x_wconf 83' lang='lat' dir='ltr'><strong>prima,</strong></span> <span class='ocrx_word' id='word_1_135' title='bbox 948 1988 1055 2063; x_wconf 82' lang='lat' dir='ltr'><strong>tertia,</strong></span> <span class='ocrx_word' id='word_1_136' title='bbox 1066 1991 1185 2070; x_wconf 86' lang='lat' dir='ltr'><strong>quarta</strong></span> <span class='ocrx_word' id='word_1_137' title='bbox 1199 1992 1233 2051; x_wconf 87' lang='lat' dir='ltr'><strong>et</strong></span> <span class='ocrx_word' id='word_1_138' title='bbox 1245 1994 1349 2052; x_wconf 84' lang='lat' dir='ltr'><strong>sexta</strong></span> 
     </span>
     <span class='ocr_line' id='line_1_18' title="bbox 240 2088 1347 2172; baseline 0.001 -22"><span class='ocrx_word' id='word_1_139' title='bbox 240 2105 306 2151; x_wconf 86' lang='lat' dir='ltr'><strong>non</strong></span> <span class='ocrx_word' id='word_1_140' title='bbox 316 2092 384 2151; x_wconf 85' lang='lat' dir='ltr'><strong>tam</strong></span> <span class='ocrx_word' id='word_1_141' title='bbox 398 2088 433 2150; x_wconf 89' lang='lat' dir='ltr'><strong>in</strong></span> <span class='ocrx_word' id='word_1_142' title='bbox 454 2088 706 2161; x_wconf 80' lang='lat' dir='ltr'><strong>delectaremur</strong></span> <span class='ocrx_word' id='word_1_143' title='bbox 721 2106 886 2171; x_wconf 88' lang='lat' dir='ltr'><strong>peccassc</strong></span> <span class='ocrx_word' id='word_1_144' title='bbox 902 2088 1056 2151; x_wconf 84' lang='lat' dir='ltr'><strong>Persium</strong></span> <span class='ocrx_word' id='word_1_145' title='bbox 1069 2088 1232 2165; x_wconf 68' lang='lat' dir='ltr'><strong>dixerim.</strong></span> <span class='ocrx_word' id='word_1_146' title='bbox 1242 2108 1347 2172; x_wconf 84' lang='lat' dir='ltr'><strong>quam</strong></span> 
     </span>
     <span class='ocr_line' id='line_1_19' title="bbox 241 2190 1347 2273; baseline 0.002 -20"><span class='ocrx_word' id='word_1_147' title='bbox 241 2190 275 2253; x_wconf 87' lang='lat' dir='ltr'><strong>in</strong></span> <span class='ocrx_word' id='word_1_148' title='bbox 291 2193 503 2271; x_wconf 79' lang='lat' dir='ltr'><strong>tractatiou03</strong></span> <span class='ocrx_word' id='word_1_149' title='bbox 526 2195 636 2254; x_wconf 86' lang='lat' dir='ltr'><strong>tamen</strong></span> <span class='ocrx_word' id='word_1_150' title='bbox 660 2191 693 2254; x_wconf 90' lang='lat' dir='ltr'><strong>in</strong></span> <span class='ocrx_word' id='word_1_151' title='bbox 717 2192 815 2255; x_wconf 89' lang='lat' dir='ltr'><strong>tertia</strong></span> <span class='ocrx_word' id='word_1_152' title='bbox 837 2196 869 2255; x_wconf 84' lang='lat' dir='ltr'><strong>st</strong></span> <span class='ocrx_word' id='word_1_153' title='bbox 892 2196 990 2255; x_wconf 80' lang='lat' dir='ltr'><strong>sexta</strong></span> <span class='ocrx_word' id='word_1_154' title='bbox 1003 2209 1079 2255; x_wconf 90' lang='lat' dir='ltr'><strong>meo</strong></span> <span class='ocrx_word' id='word_1_155' title='bbox 1094 2190 1228 2273; x_wconf 86' lang='lat' dir='ltr'><strong>quidem</strong></span> <span class='ocrx_word' id='word_1_156' title='bbox 1244 2205 1347 2255; x_wconf 85' lang='lat' dir='ltr'><strong>sensu</strong></span> 
     </span>
     <span class='ocr_line' id='line_1_20' title="bbox 242 2281 1411 2373; baseline -0.001 -18"><span class='ocrx_word' id='word_1_157' title='bbox 242 2290 373 2357; x_wconf 79' lang='lat' dir='ltr'><strong>felicius</strong></span> <span class='ocrx_word' id='word_1_158' title='bbox 387 2295 537 2357; x_wconf 79' lang='lat' dir='ltr'><strong>versatus</strong></span> <span class='ocrx_word' id='word_1_159' title='bbox 550 2302 611 2357; x_wconf 87' lang='lat' dir='ltr'><strong>cst.</strong></span> <span class='ocrx_word' id='word_1_160' title='bbox 664 2290 826 2356; x_wconf 84' lang='lat' dir='ltr'><strong>Secundae</strong></span> <span class='ocrx_word' id='word_1_161' title='bbox 850 2293 962 2357; x_wconf 75' lang='lat' dir='ltr'><strong>satiris</strong></span> <span class='ocrx_word' id='word_1_162' title='bbox 983 2298 1207 2373; x_wconf 82' lang='lat' dir='ltr'><strong>argumentum</strong></span> <span class='ocrx_word' id='word_1_163' title='bbox 1233 2292 1345 2357; x_wconf 85' lang='lat' dir='ltr'><strong>minus</strong></span> <span class='ocrx_word' id='word_1_164' title='bbox 1410 2281 1411 2290; x_wconf 68' lang='grc'>’</span> 
     </span>
     <span class='ocr_line' id='line_1_21' title="bbox 243 2391 1346 2478; baseline 0.001 -21"><span class='ocrx_word' id='word_1_165' title='bbox 243 2399 359 2477; x_wconf 87' lang='lat' dir='ltr'><strong>aptum·</strong></span> <span class='ocrx_word' id='word_1_166' title='bbox 377 2392 507 2459; x_wconf 87' lang='lat' dir='ltr'><strong>videtur</strong></span> <span class='ocrx_word' id='word_1_167' title='bbox 539 2394 673 2459; x_wconf 84' lang='lat' dir='ltr'><strong>satirico</strong></span> <span class='ocrx_word' id='word_1_168' title='bbox 703 2391 826 2477; x_wconf 68' lang='lat' dir='ltr'><strong>pobtae,</strong></span> <span class='ocrx_word' id='word_1_169' title='bbox 852 2394 884 2457; x_wconf 85' lang='lat' dir='ltr'><strong>oi</strong></span> <span class='ocrx_word' id='word_1_170' title='bbox 908 2394 1104 2476; x_wconf 80' lang='lat' dir='ltr'><strong>praesertim,</strong></span> <span class='ocrx_word' id='word_1_171' title='bbox 1128 2394 1186 2477; x_wconf 92' lang='lat' dir='ltr'><strong>qui</strong></span> <span class='ocrx_word' id='word_1_172' title='bbox 1209 2395 1346 2478; x_wconf 67' lang='lat' dir='ltr'><strong>luctatis</strong></span> 
     </span>
     <span class='ocr_line' id='line_1_22' title="bbox 244 2494 1344 2581; baseline -0.002 -20"><span class='ocrx_word' id='word_1_173' title='bbox 244 2513 342 2561; x_wconf 82' lang='lat' dir='ltr'><strong>sensu</strong></span> <span class='ocrx_word' id='word_1_174' title='bbox 365 2500 434 2560; x_wconf 87' lang='lat' dir='ltr'><strong>tam</strong></span> <span class='ocrx_word' id='word_1_175' title='bbox 459 2496 666 2563; x_wconf 79' lang='lat' dir='ltr'><strong>vehementer</strong></span> <span class='ocrx_word' id='word_1_176' title='bbox 691 2495 835 2559; x_wconf 88' lang='lat' dir='ltr'><strong>imbutus</strong></span> <span class='ocrx_word' id='word_1_177' title='bbox 860 2500 921 2572; x_wconf 89' lang='lat' dir='ltr'><strong>est,</strong></span> <span class='ocrx_word' id='word_1_178' title='bbox 937 2512 1037 2578; x_wconf 90' lang='lat' dir='ltr'><strong>quam</strong></span> <span class='ocrx_word' id='word_1_179' title='bbox 1053 2494 1214 2575; x_wconf 73' lang='lat' dir='ltr'><strong>Pers1u83</strong></span> <span class='ocrx_word' id='word_1_180' title='bbox 1240 2516 1344 2581; x_wconf 90' lang='lat' dir='ltr'><strong>quan·</strong></span> 
     </span>
     <span class='ocr_line' id='line_1_23' title="bbox 243 2596 1345 2681; baseline -0.001 -19"><span class='ocrx_word' id='word_1_181' title='bbox 243 2616 344 2681; x_wconf 89' lang='lat' dir='ltr'><strong>quam</strong></span> <span class='ocrx_word' id='word_1_182' title='bbox 358 2596 380 2663; x_wconf 84' lang='lat' dir='ltr'><strong>J</strong></span> <span class='ocrx_word' id='word_1_183' title='bbox 382 2598 532 2663; x_wconf 79' lang='lat' dir='ltr'><strong>uvenoiis</strong></span> <span class='ocrx_word' id='word_1_184' title='bbox 556 2603 590 2660; x_wconf 88' lang='lat' dir='ltr'><strong>et</strong></span> <span class='ocrx_word' id='word_1_185' title='bbox 612 2598 676 2663; x_wconf 90' lang='lat' dir='ltr'><strong>hoc</strong></span> <span class='ocrx_word' id='word_1_186' title='bbox 699 2596 783 2661; x_wconf 89' lang='lat' dir='ltr'><strong>satis</strong></span> <span class='ocrx_word' id='word_1_187' title='bbox 796 2597 970 2661; x_wconf 85' lang='lat' dir='ltr'><strong>commodo</strong></span> <span class='ocrx_word' id='word_1_188' title='bbox 983 2599 1148 2673; x_wconf 84' lang='lat' dir='ltr'><strong>tractavit,</strong></span> <span class='ocrx_word' id='word_1_189' title='bbox 1161 2605 1275 2661; x_wconf 84' lang='lat' dir='ltr'><strong>verum</strong></span> <span class='ocrx_word' id='word_1_190' title='bbox 1287 2598 1345 2661; x_wconf 85' lang='lat' dir='ltr'><strong>de·</strong></span> 
     </span>
     <span class='ocr_line' id='line_1_24' title="bbox 245 2697 1344 2781; baseline 0.002 -20"><span class='ocrx_word' id='word_1_191' title='bbox 245 2698 436 2767; x_wconf 84' lang='lat' dir='ltr'><strong>clamatoria</strong></span> <span class='ocrx_word' id='word_1_192' title='bbox 466 2700 592 2763; x_wconf 88' lang='lat' dir='ltr'><strong>ratione</strong></span> <span class='ocrx_word' id='word_1_193' title='bbox 621 2701 729 2781; x_wconf 85' lang='lat' dir='ltr'><strong>magis</strong></span> <span class='ocrx_word' id='word_1_194' title='bbox 753 2716 854 2781; x_wconf 88' lang='lat' dir='ltr'><strong>quam</strong></span> <span class='ocrx_word' id='word_1_195' title='bbox 875 2699 1021 2763; x_wconf 88' lang='lat' dir='ltr'><strong>satirica.</strong></span> <span class='ocrx_word' id='word_1_196' title='bbox 1076 2697 1224 2763; x_wconf 82' lang='lat' dir='ltr'><strong>Luciauo</strong></span> <span class='ocrx_word' id='word_1_197' title='bbox 1249 2699 1344 2763; x_wconf 83' lang='lat' dir='ltr'><strong>risori</strong></span> 
     </span>
     <span class='ocr_line' id='line_1_25' title="bbox 244 2799 1341 2884; baseline 0.002 -23"><span class='ocrx_word' id='word_1_198' title='bbox 244 2799 363 2863; x_wconf 86' lang='lat' dir='ltr'><strong>melius</strong></span> <span class='ocrx_word' id='word_1_199' title='bbox 376 2818 429 2862; x_wconf 87' lang='lat' dir='ltr'><strong>res</strong></span> <span class='ocrx_word' id='word_1_200' title='bbox 442 2800 622 2881; x_wconf 83' lang='lat' dir='ltr'><strong>processit.</strong></span> <span class='ocrx_word' id='word_1_201' title='bbox 668 2800 736 2865; x_wconf 88' lang='lat' dir='ltr'><strong>Sed</strong></span> <span class='ocrx_word' id='word_1_202' title='bbox 760 2802 795 2864; x_wconf 91' lang='lat' dir='ltr'><strong>iu</strong></span> <span class='ocrx_word' id='word_1_203' title='bbox 821 2801 946 2884; x_wconf 85' lang='lat' dir='ltr'><strong>quiutae</strong></span> <span class='ocrx_word' id='word_1_204' title='bbox 961 2801 1074 2865; x_wconf 84' lang='lat' dir='ltr'><strong>satirae</strong></span> <span class='ocrx_word' id='word_1_205' title='bbox 1089 2806 1277 2881; x_wconf 76' lang='lat' dir='ltr'><strong>argumento</strong></span> <span class='ocrx_word' id='word_1_206' title='bbox 1289 2800 1341 2863; x_wconf 79' lang='lat' dir='ltr'><strong>de</strong></span> 
     </span>
     <span class='ocr_line' id='line_1_26' title="bbox 244 2897 1342 2985; baseline 0.003 -23"><span class='ocrx_word' id='word_1_207' title='bbox 244 2897 389 2981; x_wconf 82' lang='lat' dir='ltr'><strong>ligendo,</strong></span> <span class='ocrx_word' id='word_1_208' title='bbox 404 2917 469 2961; x_wconf 91' lang='lat' dir='ltr'><strong>nou</strong></span> <span class='ocrx_word' id='word_1_209' title='bbox 492 2918 512 2962; x_wconf 88' lang='lat' dir='ltr'><strong>o</strong></span> <span class='ocrx_word' id='word_1_210' title='bbox 536 2900 604 2963; x_wconf 84' lang='lat' dir='ltr'><strong>vita</strong></span> <span class='ocrx_word' id='word_1_211' title='bbox 623 2902 802 2979; x_wconf 89' lang='lat' dir='ltr'><strong>communi,</strong></span> <span class='ocrx_word' id='word_1_212' title='bbox 826 2921 939 2965; x_wconf 80' lang='lat' dir='ltr'><strong>vorum</strong></span> <span class='ocrx_word' id='word_1_213' title='bbox 962 2922 982 2964; x_wconf 83' lang='lat' dir='ltr'><strong>c</strong></span> <span class='ocrx_word' id='word_1_214' title='bbox 1006 2900 1131 2965; x_wconf 77' lang='lat' dir='ltr'><strong>Stoicus</strong></span> <span class='ocrx_word' id='word_1_215' title='bbox 1154 2901 1342 2985; x_wconf 70' lang='lat' dir='ltr'><strong>disciplinae</strong></span> 
     </span>
     <span class='ocr_line' id='line_1_27' title="bbox 246 3000 1342 3087; baseline 0.003 -23"><span class='ocrx_word' id='word_1_216' title='bbox 246 3000 468 3084; x_wconf 79' lang='lat' dir='ltr'><strong>penetralibus</strong></span> <span class='ocrx_word' id='word_1_217' title='bbox 490 3000 675 3083; x_wconf 70' lang='lat' dir='ltr'><strong>depromo,</strong></span> <span class='ocrx_word' id='word_1_218' title='bbox 706 3002 804 3087; x_wconf 88' lang='lat' dir='ltr'><strong>cujus</strong></span> <span class='ocrx_word' id='word_1_219' title='bbox 825 3002 931 3066; x_wconf 90' lang='lat' dir='ltr'><strong>sacris</strong></span> <span class='ocrx_word' id='word_1_220' title='bbox 953 3021 994 3065; x_wconf 89' lang='lat' dir='ltr'><strong>uc</strong></span> <span class='ocrx_word' id='word_1_221' title='bbox 1016 3002 1089 3086; x_wconf 87' lang='lat' dir='ltr'><strong>ipse</strong></span> <span class='ocrx_word' id='word_1_222' title='bbox 1106 3002 1243 3085; x_wconf 85' lang='lat' dir='ltr'><strong>quidam</strong></span> <span class='ocrx_word' id='word_1_223' title='bbox 1264 3006 1342 3067; x_wconf 85' lang='lat' dir='ltr'><strong>setis</strong></span> 
     </span>
     <span class='ocr_line' id='line_1_28' title="bbox 246 3102 1342 3187; baseline 0 -20"><span class='ocrx_word' id='word_1_224' title='bbox 246 3102 395 3167; x_wconf 83' lang='lat' dir='ltr'><strong>initiatus</strong></span> <span class='ocrx_word' id='word_1_225' title='bbox 419 3102 534 3184; x_wconf 84' lang='lat' dir='ltr'><strong>fuisse</strong></span> <span class='ocrx_word' id='word_1_226' title='bbox 547 3102 686 3180; x_wconf 84' lang='lat' dir='ltr'><strong>videtur,</strong></span> <span class='ocrx_word' id='word_1_227' title='bbox 701 3105 849 3167; x_wconf 75' lang='lat' dir='ltr'><strong>maxime</strong></span> <span class='ocrx_word' id='word_1_228' title='bbox 874 3104 985 3166; x_wconf 83' lang='lat' dir='ltr'><strong>forsan</strong></span> <span class='ocrx_word' id='word_1_229' title='bbox 1010 3106 1176 3185; x_wconf 85' lang='lat' dir='ltr'><strong>peccavit.</strong></span> <span class='ocrx_word' id='word_1_230' title='bbox 1221 3102 1342 3187; x_wconf 85' lang='lat' dir='ltr'><strong>Dispu-</strong></span> 
     </span>
     <span class='ocr_line' id='line_1_29' title="bbox 246 3203 1342 3290; baseline 0.003 -24"><span class='ocrx_word' id='word_1_231' title='bbox 246 3203 329 3267; x_wconf 86' lang='lat' dir='ltr'><strong>tatio</strong></span> <span class='ocrx_word' id='word_1_232' title='bbox 351 3206 449 3284; x_wconf 90' lang='lat' dir='ltr'><strong>enim,</strong></span> <span class='ocrx_word' id='word_1_233' title='bbox 469 3226 545 3290; x_wconf 86' lang='lat' dir='ltr'><strong>quae</strong></span> <span class='ocrx_word' id='word_1_234' title='bbox 570 3206 682 3271; x_wconf 87' lang='lat' dir='ltr'><strong>subtili</strong></span> <span class='ocrx_word' id='word_1_235' title='bbox 706 3226 812 3271; x_wconf 85' lang='lat' dir='ltr'><strong>rerum</strong></span> <span class='ocrx_word' id='word_1_236' title='bbox 836 3224 858 3267; x_wconf 87' lang='lat' dir='ltr'><strong>a</strong></span> <span class='ocrx_word' id='word_1_237' title='bbox 881 3204 1047 3268; x_wconf 88' lang='lat' dir='ltr'><strong>communi</strong></span> <span class='ocrx_word' id='word_1_238' title='bbox 1066 3224 1129 3270; x_wconf 90' lang='lat' dir='ltr'><strong>usu</strong></span> <span class='ocrx_word' id='word_1_239' title='bbox 1150 3210 1342 3269; x_wconf 85' lang='lat' dir='ltr'><strong>remotarum</strong></span> 
     </span>
     <span class='ocr_line' id='line_1_30' title="bbox 247 3302 1343 3391; baseline 0.005 -26"><span class='ocrx_word' id='word_1_240' title='bbox 247 3302 393 3370; x_wconf 83' lang='lat' dir='ltr'><strong>finitione</strong></span> <span class='ocrx_word' id='word_1_241' title='bbox 405 3308 532 3384; x_wconf 86' lang='lat' dir='ltr'><strong>nititur,</strong></span> <span class='ocrx_word' id='word_1_242' title='bbox 547 3308 581 3371; x_wconf 91' lang='lat' dir='ltr'><strong>in</strong></span> <span class='ocrx_word' id='word_1_243' title='bbox 602 3326 669 3391; x_wconf 87' lang='lat' dir='ltr'><strong>qua</strong></span> <span class='ocrx_word' id='word_1_244' title='bbox 683 3307 812 3371; x_wconf 86' lang='lat' dir='ltr'><strong>animus</strong></span> <span class='ocrx_word' id='word_1_245' title='bbox 834 3307 888 3372; x_wconf 82' lang='lat' dir='ltr'><strong>uel</strong></span> <span class='ocrx_word' id='word_1_246' title='bbox 913 3306 1058 3370; x_wconf 84' lang='lat' dir='ltr'><strong>maxime</strong></span> <span class='ocrx_word' id='word_1_247' title='bbox 1073 3306 1116 3369; x_wconf 89' lang='lat' dir='ltr'><strong>ab</strong></span> <span class='ocrx_word' id='word_1_248' title='bbox 1130 3305 1299 3369; x_wconf 86' lang='lat' dir='ltr'><strong>oculorum</strong></span> <span class='ocrx_word' id='word_1_249' title='bbox 1311 3312 1343 3371; x_wconf 85' lang='lat' dir='ltr'><strong>et</strong></span> 
     </span>
     <span class='ocr_line' id='line_1_31' title="bbox 207 3404 1342 3491; baseline 0.004 -24"><span class='ocrx_word' id='word_1_250' title='bbox 207 3482 208 3485; x_wconf 8' lang='grc' dir='ltr'><strong>Ἴ</strong></span> <span class='ocrx_word' id='word_1_251' title='bbox 249 3404 376 3469; x_wconf 85' lang='lat' dir='ltr'><strong>aurium</strong></span> <span class='ocrx_word' id='word_1_252' title='bbox 400 3408 634 3472; x_wconf 81' lang='lat' dir='ltr'><strong>cousuetudine</strong></span> <span class='ocrx_word' id='word_1_253' title='bbox 658 3407 849 3474; x_wconf 84' lang='lat' dir='ltr'><strong>avocandus</strong></span> <span class='ocrx_word' id='word_1_254' title='bbox 877 3414 940 3485; x_wconf 81' lang='lat' dir='ltr'><strong>est,</strong></span> <span class='ocrx_word' id='word_1_255' title='bbox 971 3426 1034 3491; x_wconf 90' lang='lat' dir='ltr'><strong>per</strong></span> <span class='ocrx_word' id='word_1_256' title='bbox 1065 3407 1194 3490; x_wconf 83' lang='lat' dir='ltr'><strong>sejam</strong></span> <span class='ocrx_word' id='word_1_257' title='bbox 1220 3427 1342 3471; x_wconf 87' lang='lat' dir='ltr'><strong>omnem</strong></span> 
     </span>
     <span class='ocr_line' id='line_1_32' title="bbox 248 3503 1341 3593; baseline 0.005 -24"><span class='ocrx_word' id='word_1_258' title='bbox 248 3503 415 3587; x_wconf 66' lang='lat' dir='ltr'><strong>pubiicum</strong></span> <span class='ocrx_word' id='word_1_259' title='bbox 430 3510 656 3575; x_wconf 82' lang='lat' dir='ltr'><strong>tractationem</strong></span> <span class='ocrx_word' id='word_1_260' title='bbox 675 3512 818 3593; x_wconf 85' lang='lat' dir='ltr'><strong>respuit3</strong></span> <span class='ocrx_word' id='word_1_261' title='bbox 841 3511 965 3593; x_wconf 87' lang='lat' dir='ltr'><strong>quique</strong></span> <span class='ocrx_word' id='word_1_262' title='bbox 983 3526 1058 3573; x_wconf 80' lang='lat' dir='ltr'><strong>eam</strong></span> <span class='ocrx_word' id='word_1_263' title='bbox 1071 3508 1284 3572; x_wconf 83' lang='lat' dir='ltr'><strong>nibilominus</strong></span> <span class='ocrx_word' id='word_1_264' title='bbox 1296 3516 1341 3574; x_wconf 87' lang='lat' dir='ltr'><strong>iu-</strong></span> 
     </span>
     <span class='ocr_line' id='line_1_33' title="bbox 250 3600 1340 3696; baseline 0.002 -24"><span class='ocrx_word' id='word_1_265' title='bbox 250 3626 325 3673; x_wconf 87' lang='lat' dir='ltr'><strong>men</strong></span> <span class='ocrx_word' id='word_1_266' title='bbox 341 3600 525 3687; x_wconf 63' lang='lat' dir='ltr'><strong>tentaverit,</strong></span> <span class='ocrx_word' id='word_1_267' title='bbox 539 3611 570 3673; x_wconf 90' lang='lat' dir='ltr'><strong>is</strong></span> <span class='ocrx_word' id='word_1_268' title='bbox 583 3630 690 3693; x_wconf 87' lang='lat' dir='ltr'><strong>neque</strong></span> <span class='ocrx_word' id='word_1_269' title='bbox 710 3612 802 3694; x_wconf 88' lang='lat' dir='ltr'><strong>apud</strong></span> <span class='ocrx_word' id='word_1_270' title='bbox 821 3612 1010 3694; x_wconf 86' lang='lat' dir='ltr'><strong>discipliuae</strong></span> <span class='ocrx_word' id='word_1_271' title='bbox 1024 3610 1123 3675; x_wconf 82' lang='lat' dir='ltr'><strong>rudes</strong></span> <span class='ocrx_word' id='word_1_272' title='bbox 1136 3629 1246 3696; x_wconf 88' lang='lat' dir='ltr'><strong>neque</strong></span> <span class='ocrx_word' id='word_1_273' title='bbox 1259 3610 1340 3693; x_wconf 86' lang='lat' dir='ltr'><strong>apud</strong></span> 
     </span>
     <span class='ocr_line' id='line_1_34' title="bbox 248 3709 1340 3797; baseline 0 -23"><span class='ocrx_word' id='word_1_274' title='bbox 248 3709 467 3796; x_wconf 87' lang='lat' dir='ltr'><strong>philosophos</strong></span> <span class='ocrx_word' id='word_1_275' title='bbox 493 3712 632 3791; x_wconf 78' lang='lat' dir='ltr'><strong>gratiam</strong></span> <span class='ocrx_word' id='word_1_276' title='bbox 656 3712 763 3776; x_wconf 87' lang='lat' dir='ltr'><strong>inibit.</strong></span> <span class='ocrx_word' id='word_1_277' title='bbox 820 3712 998 3797; x_wconf 84' lang='lat' dir='ltr'><strong>Ejusmodi</strong></span> <span class='ocrx_word' id='word_1_278' title='bbox 1026 3713 1112 3776; x_wconf 89' lang='lat' dir='ltr'><strong>cuim</strong></span> <span class='ocrx_word' id='word_1_279' title='bbox 1147 3714 1340 3795; x_wconf 78' lang='lat' dir='ltr'><strong>quaestiones</strong></span> 
     </span>
     <span class='ocr_line' id='line_1_35' title="bbox 251 3812 1339 3897; baseline -0.002 -18"><span class='ocrx_word' id='word_1_280' title='bbox 251 3814 361 3879; x_wconf 84' lang='lat' dir='ltr'><strong>vorbis</strong></span> <span class='ocrx_word' id='word_1_281' title='bbox 380 3812 503 3877; x_wconf 76' lang='lat' dir='ltr'><strong>scholae</strong></span> <span class='ocrx_word' id='word_1_282' title='bbox 518 3812 664 3889; x_wconf 88' lang='lat' dir='ltr'><strong>omissis,</strong></span> <span class='ocrx_word' id='word_1_283' title='bbox 680 3818 719 3877; x_wconf 88' lang='lat' dir='ltr'><strong>ut</strong></span> <span class='ocrx_word' id='word_1_284' title='bbox 738 3812 851 3896; x_wconf 81' lang='lat' dir='ltr'><strong>po&#39;e&#39;tuc</strong></span> <span class='ocrx_word' id='word_1_285' title='bbox 877 3832 940 3897; x_wconf 88' lang='lat' dir='ltr'><strong>par</strong></span> <span class='ocrx_word' id='word_1_286' title='bbox 953 3819 1014 3892; x_wconf 89' lang='lat' dir='ltr'><strong>cst,</strong></span> <span class='ocrx_word' id='word_1_287' title='bbox 1030 3812 1203 3877; x_wconf 84' lang='lat' dir='ltr'><strong>commode</strong></span> <span class='ocrx_word' id='word_1_288' title='bbox 1216 3814 1339 3877; x_wconf 78' lang='lat' dir='ltr'><strong>tractui</strong></span> 
     </span>
     <span class='ocr_line' id='line_1_36' title="bbox 250 3908 1339 3999; baseline 0.001 -21"><span class='ocrx_word' id='word_1_289' title='bbox 250 3914 311 3979; x_wconf 78' lang='lat' dir='ltr'><strong>uix</strong></span> <span class='ocrx_word' id='word_1_290' title='bbox 325 3922 479 3999; x_wconf 83' lang='lat' dir='ltr'><strong>possuut3</strong></span> <span class='ocrx_word' id='word_1_291' title='bbox 503 3934 564 3980; x_wconf 89' lang='lat' dir='ltr'><strong>nec</strong></span> <span class='ocrx_word' id='word_1_292' title='bbox 586 3914 696 3997; x_wconf 86' lang='lat' dir='ltr'><strong>quivis</strong></span> <span class='ocrx_word' id='word_1_293' title='bbox 709 3908 814 3980; x_wconf 87' lang='lat' dir='ltr'><strong>lector</strong></span> <span class='ocrx_word' id='word_1_294' title='bbox 828 3916 961 3981; x_wconf 87' lang='lat' dir='ltr'><strong>subtilis</strong></span> <span class='ocrx_word' id='word_1_295' title='bbox 976 3916 1134 3979; x_wconf 86' lang='lat' dir='ltr'><strong>orationis</strong></span> <span class='ocrx_word' id='word_1_296' title='bbox 1149 3932 1277 3977; x_wconf 89' lang='lat' dir='ltr'><strong>sensum</strong></span> <span class='ocrx_word' id='word_1_297' title='bbox 1292 3935 1339 3979; x_wconf 86' lang='lat' dir='ltr'><strong>ua·</strong></span> 
     </span>
    </p>

    <p class='ocr_par' dir='ltr' id='par_1_3' title="bbox 216 4016 1337 4203">
     <span class='ocr_line' id='line_1_37' title="bbox 252 4016 1337 4100; baseline 0.001 -21"><span class='ocrx_word' id='word_1_298' title='bbox 252 4036 330 4098; x_wconf 86' lang='lat' dir='ltr'><strong>pore</strong></span> <span class='ocrx_word' id='word_1_299' title='bbox 346 4017 445 4093; x_wconf 85' lang='lat' dir='ltr'><strong>valet,</strong></span> <span class='ocrx_word' id='word_1_300' title='bbox 460 4018 522 4081; x_wconf 89' lang='lat' dir='ltr'><strong>nisi</strong></span> <span class='ocrx_word' id='word_1_301' title='bbox 540 4016 684 4081; x_wconf 87' lang='lat' dir='ltr'><strong>Stoicum</strong></span> <span class='ocrx_word' id='word_1_302' title='bbox 698 4018 858 4081; x_wconf 88' lang='lat' dir='ltr'><strong>rationem</strong></span> <span class='ocrx_word' id='word_1_303' title='bbox 877 4018 974 4100; x_wconf 92' lang='lat' dir='ltr'><strong>quasi</strong></span> <span class='ocrx_word' id='word_1_304' title='bbox 987 4016 1022 4079; x_wconf 92' lang='lat' dir='ltr'><strong>in</strong></span> <span class='ocrx_word' id='word_1_305' title='bbox 1037 4022 1208 4079; x_wconf 88' lang='lat' dir='ltr'><strong>numerato</strong></span> <span class='ocrx_word' id='word_1_306' title='bbox 1222 4017 1337 4080; x_wconf 80' lang='lat' dir='ltr'><strong>habeut.</strong></span> 
     </span>
     <span class='ocr_line' id='line_1_38' title="bbox 216 4104 1324 4203; baseline 0.003 -24"><span class='ocrx_word' id='word_1_307' title='bbox 216 4104 218 4107; x_wconf 63' lang='grc'><strong>’</strong></span> <span class='ocrx_word' id='word_1_308' title='bbox 252 4116 414 4185; x_wconf 74' lang='lat' dir='ltr'><strong>Videmus</strong></span> <span class='ocrx_word' id='word_1_309' title='bbox 427 4118 559 4203; x_wconf 89' lang='lat' dir='ltr'><strong>quidem</strong></span> <span class='ocrx_word' id='word_1_310' title='bbox 571 4116 724 4183; x_wconf 82' lang='lat' dir='ltr'><strong>Persium</strong></span> <span class='ocrx_word' id='word_1_311' title='bbox 737 4136 874 4203; x_wconf 84' lang='lat' dir='ltr'><strong>oporam</strong></span> <span class='ocrx_word' id='word_1_312' title='bbox 889 4118 977 4195; x_wconf 84' lang='lat' dir='ltr'><strong>dure,</strong></span> <span class='ocrx_word' id='word_1_313' title='bbox 993 4122 1028 4181; x_wconf 91' lang='lat' dir='ltr'><strong>ut</strong></span> <span class='ocrx_word' id='word_1_314' title='bbox 1041 4116 1251 4182; x_wconf 84' lang='lat' dir='ltr'><strong>scholasticis</strong></span> <span class='ocrx_word' id='word_1_315' title='bbox 1260 4136 1324 4182; x_wconf 89' lang='lat' dir='ltr'><strong>com</strong></span> 
     </span>
    </p>
   </div>
   <div class='ocr_carea' id='block_1_3' title="bbox 0 0 1450 4817">
    <p class='ocr_par' dir='ltr' id='par_1_4' title="bbox 0 0 1450 4817">
     <span class='ocr_line' id='line_1_39' title="bbox 0 0 1450 4817; baseline 0 0"><span class='ocrx_word' id='word_1_316' title='bbox 0 0 1450 4817; x_wconf 95' lang='lat' dir='ltr'><strong> </strong></span> 
     </span>
    </p>
   </div>
  </div>
 </body>
</html>
