2850 4817
228 330 304 403 ἴδω
575 342 772 397 nrcnssos
797 344 1011 394 nnrrrorrurr

237 510 313 561 esse
327 490 463 557 essem
480 490 622 556 aarum
644 496 734 555 recte
753 489 941 572 essm
956 486 1131 573 principem
1150 486 1340 551 resim
1398 448 1408 506 ²

237 596 359 659 tionem
370 616 380 673 3
393 600 428 657 et
440 594 537 659 etiem
553 594 582 657 si
596 599 696 669 recte,
713 601 948 673 argumentum,
970 610 1039 676 quo
1052 595 1196 654 utuntur
1218 590 1266 655 ad
1277 588 1342 653 dis·
1419 631 1420 710 p

236 696 441 771 cernendam,
472 694 767 778 stabiliendemque
804 693 941 757 eandem
963 694 1156 771 editionem,
1182 699 1221 757 ut
1248 692 1342 757 nobis
1407 711 1421 756 ει

234 796 374 873 videtur,
397 792 514 857 deficit.
566 794 753 858 Secundum
766 794 870 857 olium
890 794 1052 879 quendam
1071 795 1343 877 bibliograpbum

236 896 325 981 quod
354 896 499 961 obtulere
529 896 790 980 exscripserunt3
825 900 859 959 et
885 898 1076 959 seutentiam
1102 895 1182 978 ejus
1212 894 1342 959 citando
1419 968 1421 985 Ι

233 998 385 1063 videntur
402 998 571 1081 probasse.
619 996 724 1064 Aiunt
745 999 787 1063 de
811 998 921 1061 Persii
944 997 1088 1062 editione
1107 998 1184 1061 sine
1205 1016 1297 1062 anno
1316 1000 1345 1059 et

234 1098 321 1177 loco,
341 1100 533 1183 scriptorem
557 1100 665 1165 catat
689 1101 847 1165 Bibliotlr.
872 1099 1051 1165 Hnlsiunoe
1074 1100 1230 1163 omnium
1253 1098 1345 1162 Priu-

236 1201 345 1285 cipem
360 1221 501 1281 censere,
517 1222 561 1265 ex
574 1222 672 1267 versu
689 1204 748 1287 qui
762 1204 796 1267 in
811 1203 874 1266 line
887 1202 1027 1285 legitur:

368 1308 379 1337 ‘
395 1302 546 1387 Explicit
560 1302 681 1389 ignotus
695 1326 755 1389 per
769 1310 874 1369 totum
889 1303 1025 1367 Persius
1039 1300 1174 1368 orbem?

238 1402 285 1470 At
298 1405 432 1489 quidem
446 1406 502 1469 lric
515 1405 603 1469 idem
618 1426 733 1471 versus
746 1425 814 1470 nou
828 1405 964 1469 editoris
979 1410 1037 1467 aut
1052 1405 1275 1487 impressoris
1287 1410 1348 1479 est,

238 1506 297 1570 sed
313 1527 333 1570 e
347 1508 473 1584 codice,
488 1506 688 1586 nifallimnr,
702 1526 801 1590 quem
812 1507 885 1589 jam
896 1504 1128 1580 iudicavimus,
1142 1506 1349 1587 exscriptus.

238 1606 281 1671 Et
296 1608 367 1673 sive
382 1614 494 1673 auctor
506 1627 564 1691 per
578 1606 718 1693 ignotum
737 1608 937 1672 intellexerit
958 1609 1035 1683 (usu
1053 1606 1214 1667 nimirum
1232 1604 1350 1686 figura

238 1709 408 1787 orationis,
432 1713 470 1772 ut
505 1706 620 1773 Grmci
656 1712 789 1773 utuntur
817 1734 837 1769 a
864 1705 1013 1769 intensive
1040 1726 1137 1789 mque
1166 1725 1210 1769 ac
1242 1706 1352 1790 priva-

238 1806 316 1889 tivo)
337 1806 428 1871 valde
444 1818 548 1871 nutum
556 1836 567 1881 ‚·
588 1828 648 1873 seu
660 1829 731 1893 prae
746 1808 930 1891 ignorantia
945 1810 995 1885 (nt
1013 1809 1132 1875 scribac
1147 1808 1199 1873 illi
1214 1826 1352 1872 monos·

237 1910 297 1975 tici
311 1911 498 1995 saepissime
513 1930 549 1975 se
567 1907 751 1994 gesserunt)
767 1910 957 1992 scripserit3
979 1927 1039 1972 sen
1062 1908 1167 1991 (quod
1188 1905 1352 1991 probabi

237 2010 304 2077 lius
324 2012 467 2093 videtur)
489 2032 549 2097 per
575 2011 717 2098 ignotum
737 2010 781 2075 de
809 2010 926 2073 Persio
951 2028 1022 2091 prae
1051 2009 1211 2072 omnibus
1237 2009 1351 2092 politis

236 2107 361 2173 obscuro
374 2112 540 2191 ἐμφατικῶς
551 2112 648 2196 quasi
662 2113 794 2191 luserit3
808 2117 986 2194 utcumque
999 2110 1054 2187 sit,
1065 2129 1213 2175 versuse
1228 2108 1350 2173 codice

239 2208 386 2293 quodem
399 2210 541 2275 derivari
554 2210 698 2291 ridetur,
720 2211 864 2295 ideoque
878 2210 990 2295 quoad
1011 2208 1151 2295 impressi
1167 2210 1252 2275 libri
1265 2210 1352 2273 enti-

239 2311 400 2395 quitntem
414 2311 494 2376 nihil
507 2313 638 2395 probat.

283 2412 337 2479 De
352 2414 588 2479 omissionibus
601 2414 714 2479 forsan
730 2412 803 2497 jam
821 2414 916 2492 setis,
931 2432 1008 2477 enm
1021 2412 1062 2476 de
1075 2410 1247 2494 Rupertio
1262 2411 1352 2476 dixi·
1414 2472 1416 2488 ,

237 2536 322 2595 mus,
345 2536 421 2581 nam
445 2518 501 2581 ille
527 2518 561 2580 in
588 2536 689 2601 quam
715 2516 867 2599 plurimis
895 2521 1032 2580 secutus
1054 2518 1110 2577 est
1130 2513 1351 2595 Bipontinos.

123 2630 131 2643 ·
243 2614 376 2682 Paucas
391 2624 510 2697 tumen,
525 2624 558 2683 et
572 2636 772 2703 perpaucos,
787 2616 950 2681 editiones
970 2616 1161 2680 notabimus
1179 2614 1244 2677 nbi
1256 2616 1353 2677 inro-
1412 2634 1421 2668 1

240 2718 328 2781 nitur
342 2719 478 2785 Persius
493 2736 515 2783 a
528 2718 551 2784 J
553 2719 693 2784 urenole
704 2718 900 2800 disjunctus.
926 2717 1004 2781 Hos
1016 2718 1129 2778 nutare
1139 2732 1210 2778 uon
1223 2713 1295 2778 luit
1307 2732 1354 2778 ex
1413 2709 1416 2787 l

240 2818 411 2901 proposito
425 2824 459 2883 et
472 2820 599 2885 ratione
614 2818 781 2903 Rupertii,
796 2820 924 2903 quippe
937 2818 995 2903 qui
1007 2813 1207 2881 Juvenelem
1222 2820 1354 2879 tantum

238 2916 360 2983 ederet.

283 3018 391 3088 Persii
416 3019 556 3106 Satyrou,
580 3040 658 3084 cnm
682 3020 866 3085 Commeat.
893 3015 1041 3083 Barthol.
1057 3015 1180 3081 Pontii
1227 3014 1354 3081 Frsrre.

283 3221 405 3307 Satyra
418 3226 514 3289 tertia
528 3224 636 3289 Persii
650 3242 726 3288 cum
738 3220 834 3287 Nott.
846 3220 984 3299 Vorstii,
999 3220 1092 3303 Lips.
1107 3218 1207 3285 1675.

284 3322 419 3390 Glossae
435 3324 571 3391 Veteres
586 3328 620 3393 in
633 3326 797 3403 Persium,
806 3344 883 3390 curn
898 3322 1029 3389 collatis
1043 3320 1129 3385 ldss.
1139 3319 1351 3397 Casauboui,

240 3424 317 3491 8ro.
333 3426 432 3491 Bodl.
449 3426 556 3495 Catal·
584 3428 699 3495 Titulo
715 3434 837 3492 carent

242 3588 244 3595 .
283 3526 366 3592 Vita
379 3534 412 3592 et
426 3528 497 3593 Sat.
513 3529 635 3609 Persii,
649 3532 718 3595 uto.
730 3528 812 3593 Aur.
826 3527 953 3592 Allobr.
965 3525 1063 3589 loco.

283 3626 403 3693 Versio
426 3626 570 3706 Anglica
592 3632 635 3694 ab
659 3632 748 3696 Heu.
770 3626 930 3706 Eelbeck,
953 3624 1215 3709 Ludimagistro,
1237 3623 1350 3689 121110.
1418 3607 1421 3638 ’

242 3728 350 3797 Lond·
365 3730 462 3797 1719.
478 3749 553 3794 cum
568 3734 686 3814 paucis
700 3734 790 3797 notis
809 3738 844 3797 et
863 3732 935 3795 vita
950 3728 1061 3795 Persii
1073 3726 1178 3791 breri-
1222 3724 1347 3789 Verrio

241 3830 389 3909 literalis,
405 3830 572 3915 prosaica,
588 3850 666 3895 cum
680 3832 853 3896 Indicibus
868 3830 944 3895 Irat-
955 3834 991 3895 et
1003 3826 1105 3911 angl.

286 3932 423 3999 Persius
443 3931 619 3998 translated
643 3932 711 3996 into
736 3930 875 4017 English
899 3950 1009 4015 prose,
1031 3930 1111 3997 with
1128 3927 1348 4013 explerutory
1418 3951 1421 4035 p

242 4032 362 4113 Notas,
385 4035 431 4117 by
456 4034 604 4099 Thomas
630 4033 804 4112 Sberidan,
826 4034 903 4099 evo.
929 4029 1066 4096 Dublin.
1090 4028 1347 4095 lme-fflioo

241 4134 320 4214 2111,
327 4154 402 4201 oum
414 4132 531 4201 Indice
546 4141 580 4201 et
593 4140 677 4203 text.
692 4134 769 4203 Lat
782 4136 920 4219 vulgata
928 4132 1110 4199 fuitLorrd.
1124 4130 1224 4197 17³9.
1239 4130 1346 4197 une
