2850 4817
317 374 496 437 nostrus,
522 376 566 423 ιιι
589 375 795 425 scsrssuor
814 372 981 421 census.
1155 355 1194 419 ll
1315 433 1318 440 .

55 523 139 589 loco
168 518 441 601 comprobarit,
455 538 562 601 neque
578 538 768 602 quenquam
783 518 880 599 sugit,
897 522 1039 599 quantos
1061 516 1201 599 plausus

55 640 190 685 scrurae
213 620 361 703 passim
376 626 408 683 et
432 622 609 683 sanniones
624 620 756 685 tulerint
768 628 880 685 trostm
900 621 1060 683 memoria
1076 621 1112 682 in
1126 618 1200 703 plri-

56 722 234 805 losoplria
250 722 381 785 critica
391 721 582 799 deridenda,
603 722 680 785 dum
707 722 896 787 delerrsores
917 724 991 802 eius
1016 720 1198 785 doctissimi

55 831 164 909 atique
193 824 401 889 acutissimi
424 844 489 888 non
511 824 668 889 intellecti
683 824 733 887 illi
754 824 888 907 quidem
906 843 1012 887 causo
1035 823 1198 887 eccidisse

55 926 263 989 videantur.
329 924 586 989 Innumerabiles
612 934 773 1008 praeterea
796 930 874 988 sunt
897 926 1052 1002 rationes,
1075 925 1199 1007 quibus

60 1026 244 1091 Horatius
259 1046 353 1091 usus
374 1034 438 1101 est,
461 1025 505 1089 od
520 1046 587 1089 rem
603 1026 748 1109 aliquam
766 1025 854 1089 haud
868 1046 943 1089 raro
956 1026 1126 1108 vulgarem
1139 1045 1200 1090 no-

58 1128 166 1193 vitate
188 1130 375 1212 aliquast
393 1132 566 1192 venustate
588 1126 896 1204 commendandam,
910 1146 989 1211 qnae
1003 1127 1200 1209 ingeniosis·

60 1229 203 1305 simum,
245 1229 517 1293 versatisnmum
545 1230 750 1311 rationisque
778 1229 932 1293 humanm
959 1227 1198 1311 peritissimum

59 1329 231 1408 indicant,
250 1330 597 1413 politissimorumquo
611 1330 779 1395 homiuum
793 1330 996 1395 commercio
1006 1335 1041 1393 et
1054 1348 1198 1393 cousue-

61 1430 180 1495 tudine
197 1450 324 1507 usum,
338 1450 477 1514 quarum
492 1450 601 1515 pausa
621 1436 746 1495 tautum
770 1429 915 1510 vestigia
937 1429 973 1491 in
997 1428 1115 1493 Persio
1140 1428 1198 1491 de·

63 1531 339 1611 prehenduntur.
384 1529 504 1614 Neque
525 1550 606 1595 sane
623 1536 685 1607 est,
712 1530 801 1614 quod
824 1532 988 1606 miremur,
1015 1530 1064 1595 ita
1076 1552 1114 1595 se
1127 1549 1197 1595 rem

64 1630 203 1697 habere.
256 1632 394 1697 Etenim
408 1634 565 1697 satiricus
580 1635 614 1697 iu
626 1633 797 1697 hominnm
816 1632 997 1716 frequentia
1010 1632 1111 1697 debet
1124 1653 1197 1698 ver·

66 1734 150 1813 sari,
166 1742 207 1802 ut
223 1754 350 1801 eorum
369 1736 510 1817 ingenia,
533 1754 654 1813 mores,
669 1735 750 1800 vite
772 1734 1043 1801 cmrsuetudinem
1057 1752 1197 1816 coquos·

70 1845 136 1913 cat,
151 1856 223 1901 uon
234 1837 276 1901 in
291 1837 412 1901 umbra
424 1844 458 1901 et
471 1836 660 1913 solitudine,
675 1836 788 1918 inqua
801 1834 961 1917 majorem
974 1836 1052 1899 vilse
1066 1840 1196 1918 partam

70 1934 218 2003 Persius
233 1939 396 2021 exegisse
410 1938 549 2003 videtur.
594 1937 665 2016 Qui
677 1938 811 2021 quidem
822 1938 1033 2001 inhominem
1047 1936 1197 2001 moribus

72 2044 104 2103 et
127 2040 225 2105 vitiis
249 2039 481 2111 describendis
506 2060 637 2105 summa
658 2042 759 2105 utitor
781 2040 949 2122 diligentia
963 2040 1196 2123 coloribusque

72 2144 376 2225 exquisitissimis:
413 2141 472 2207 sed
497 2144 530 2207 iu
556 2144 775 2220 lineamentis,
800 2163 877 2226 quoe
903 2141 1005 2207 dueta
1017 2148 1108 2219 snut,
1130 2160 1197 2205 uon

75 2238 182 2307 leuem
203 2250 242 2309 et
258 2246 357 2328 quasi
371 2244 523 2326 fugacem
537 2244 678 2309 artificis
692 2264 837 2323 manum,
861 2246 921 2310 sed
934 2248 1099 2310 timentem
1113 2250 1147 2309 et
1159 2246 1195 2309 iu

74 2341 213 2408 minutm
230 2351 427 2411 accuratam
451 2346 619 2427 agnoscis,
642 2352 680 2409 ut
703 2348 817 2411 statim
842 2353 1015 2430 appareat,
1043 2353 1194 2411 naturam

78 2443 142 2507 sibi
158 2448 276 2528 ipsam
292 2466 367 2509 eum
380 2466 445 2511 non
459 2449 688 2531 proposuisse,
714 2448 773 2511 sod
799 2449 931 2530 regulas
953 2454 1104 2513 secutum
1117 2463 1193 2513 esse

77 2549 314 2631 etpreeceptu,
338 2550 613 2632 eaqueimitnndo
628 2551 850 2632 expressisse,
875 2568 951 2633 qum
967 2550 1042 2631 jam
1058 2551 1103 2613 ab
1115 2550 1193 2615 aliis

79 2662 242 2729 expressa
256 2648 386 2715 viderit.
431 2649 519 2728 Quae
533 2671 636 2715 causa
658 2670 792 2734 quoque
805 2660 867 2727 est,
886 2660 924 2715 nt
946 2652 1022 2715 loco
1035 2650 1192 2732 quaedam

79 2764 143 2809 non
157 2752 273 2832 polita
289 2752 398 2815 solnm
413 2752 592 2837 diligenter,
618 2754 677 2817 sed
701 2755 792 2817 cultu
805 2772 947 2837 operoso
961 2753 1108 2837 undique
1122 2753 1193 2817 col·

82 2846 168 2914 lecto
189 2872 292 2934 paeno
320 2853 427 2935 rigida
453 2854 637 2933 videantur,
666 2856 821 2939 quaedam
846 2856 992 2921 oratorio
1015 2855 1093 2920 fuco
1106 2855 1191 2923 adeo

83 2950 240 3031 obducta,
266 2962 315 3030 ut,
344 2975 420 3038 quae
444 2958 585 3033 subsint,
609 2976 704 3021 nemo
726 2960 913 3041 perspicere
925 2957 1043 3040 possit
1086 2956 1193 3023 Porro

83 3068 144 3129 res,
168 3057 339 3139 exempla,
363 3058 604 3135 similitudines,
633 3080 710 3143 quae
740 3065 979 3144 proponuntur,
1010 3078 1075 3123 non
1101 3058 1192 3122 domi

83 3160 162 3217 nata
181 3166 241 3222 aut
265 3167 383 3241 sponte
396 3160 525 3235 oborta,
550 3160 609 3223 sed
623 3162 738 3225 schola
752 3160 903 3223 videntur
916 3159 1030 3235 allata,
1045 3158 1191 3241 ideoque

85 3270 175 3335 saepe
201 3277 270 3321 non
297 3266 430 3323 movent
453 3261 599 3323 animum
621 3262 765 3335 lectoris,
781 3280 841 3323 nec
865 3260 1036 3342 inopinato
1059 3260 1190 3340 feriunt,

87 3353 140 3415 sod
163 3358 319 3440 trigidum
334 3359 517 3442 relinquunt
530 3360 687 3425 adhibitae
704 3361 785 3427 artis
809 3360 1055 3425 admiratorem.
1101 3361 1189 3439 Quae

88 3453 168 3519 vitia
182 3460 306 3536 omnin,
325 3480 347 3523 a
364 3462 484 3543 quilius
499 3480 540 3523 ue
554 3463 671 3544 optimi
684 3462 818 3545 quidem
837 3462 1064 3527 Romanorum
1079 3464 1190 3546 postue

91 3558 219 3623 omuino
232 3562 327 3625 liberi
340 3568 428 3640 sunt,
450 3582 495 3625 ox
510 3568 717 3645 praepostera
730 3564 896 3627 rhetorum
909 3562 1100 3647 disciplina,
1113 3586 1188 3650 quae

89 3659 152 3721 tum
163 3668 307 3727 maxime
321 3665 429 3745 vigere
441 3665 556 3747 coepit,
567 3666 669 3746 repeti
681 3672 833 3747 possunt,
843 3668 912 3746 q'na
924 3666 1017 3749 prins
1026 3666 1190 3731 discerent

87 3752 235 3840 jtrvenes,
250 3764 526 3847 quemadmodum
542 3766 674 3827 inventa
686 3773 796 3830 essent
807 3766 992 3842 tractanda,
1008 3786 1107 3849 qnam
1122 3768 1189 3849 ipsi

91 3872 191 3925 rerum
206 3866 394 3947 cognitione
417 3868 500 3931 satis
526 3868 781 3950 instructique,
798 3869 919 3952 cuique
939 3876 1126 3948 argumento
1140 3870 1189 3931 fo·

92 3966 156 4023 rent
169 3968 427 4044 accommodata,
448 3970 596 4033 invenire
611 3976 645 4031 et
660 3973 849 4050 excogitare
865 3970 1026 4032 valerent:
1053 3968 1189 4051 fierique

93 4064 217 4128 omnino
232 4088 366 4133 neccsse
380 4069 454 4145 fuit,
470 4076 518 4147 ut,
533 4069 612 4133 dnm
625 4072 797 4135 memoriae
812 4070 938 4133 infinita
950 4069 1009 4131 illa
1019 4080 1189 4153 praecepta

97 4153 331 4248 inculcarentur,
349 4170 481 4255 ipsique
501 4171 536 4237 in
554 4170 701 4253 legendis
720 4171 830 4253 politis
843 4177 877 4235 et
890 4170 1075 4234 oratoribus
1085 4170 1129 4235 ad
1145 4192 1188 4237 eu
