2850 4817
265 360 332 427 8⁰4
514 376 707 429 nrouusus
730 376 899 425 conrouu
923 368 959 425 1.
984 375 1123 427 ramur.
1397 5 1413 462 ξ

310 518 402 585 Inter
422 519 642 586 Burneieuses
667 512 768 585 codd.
791 536 860 582 non
880 534 967 583 nunc
989 536 1210 583 numeramus
1234 538 1302 585 eos
1323 520 1376 583 nbi

266 620 290 687 J
292 640 346 687 uv.
362 628 396 687 et
410 623 547 687 Persius
561 620 727 705 conjuncti
740 620 959 701 inveniantm3
979 618 1021 683 (le
1034 620 1088 683 bis
1100 618 1195 685 mim
1203 623 1284 706 jam
1299 624 1376 686 satir

267 726 301 788 in
316 724 385 791 alio
399 724 475 787 loco
489 724 613 787 dictum
628 728 689 786 est.

311 824 380 890 His
406 824 518 889 forsan
546 822 721 907 adjiciatur
745 821 935 905 exemplare
958 820 1039 886 edit
1064 820 1144 886 Irut.
1169 822 1255 888 Suo.
1283 823 1375 888 low.

268 928 357 1011 typis
371 926 503 1011 quidem
518 926 725 1007 impressum,
743 928 840 985 notus
854 942 934 987 vero
949 921 1036 986 llss.
1050 923 1092 987 cl.
1106 924 1258 988 Bentleii
1274 926 1375 989 conti
1409 993 1412 1034 Ι

267 1044 356 1091 nens.
377 1026 458 1093 vid.
478 1022 565 1089 Bru.
585 1020 669 1087 Mur.
688 1020 762 1085 Cot.
777 1024 841 1085 sub
858 1020 980 1088 Persio.

311 1127 426 1193 Alium
441 1130 541 1193 etiam
562 1116 682 1191 librum
703 1126 856 1212 impress.
879 1124 944 1189 hoo
960 1125 1037 1194 loci
1059 1124 1278 1208 indicamus;
1301 1126 1374 1192 Pa.
1409 1049 1412 1218 i

268 1232 354 1295 sium
366 1248 498 1313 nempe,
512 1229 588 1294 Suo.
604 1228 678 1292 Lut.
692 1227 880 1293 loriacum
892 1226 980 1291 notis
996 1225 1084 1292 Mss.
1100 1226 1148 1293 ls.
1166 1226 1372 1293 &munt
1410 1221 1412 1266 ¹

270 1328 358 1395 Brit.
376 1327 461 1395 Mur.
479 1326 585 1393 Curat.
600 1332 663 1395 snb
679 1325 801 1393 Persio.

183 1472 188 1477 -
473 1426 476 1431 ’
694 1427 823 1493 Codices
839 1426 942 1493 Oxou.

313 1532 414 1613 Quod
436 1532 480 1597 nd
505 1532 602 1597 codd.
615 1532 708 1597 Pers.
728 1529 822 1594 Bodl.
837 1537 979 1613 spectat,
993 1550 1072 1614 quae
1085 1530 1203 1615 'supra
1228 1532 1374 1599 &imm

269 1634 444 1712 sufficiant,
459 1634 517 1699 ubi
531 1634 611 1697 Jur.
632 1641 665 1697 et
689 1632 785 1698 Pers.
800 1632 898 1697 codd.
920 1634 1119 1717 conjunctos
1142 1638 1374 1699 mutavimus.

267 1736 432 1819 Accipias
445 1740 552 1799 mmm
569 1730 720 1799 Couooici
735 1734 809 1797 lat.
822 1732 879 1799 46.
890 1732 987 1798 Pers.
999 1733 1074 1797 Sat.
1085 1733 1144 1797 cni
1156 1733 1303 1799 Horab'i
1315 1735 1373 1799 Au

271 1836 411 1903 Poetica
424 1837 638 1920 subjungitur.

311 1935 412 2016 Quod
427 1936 471 2001 ed
483 1935 733 2013 (l’Onillianos,
745 1934 883 2002 Persius
896 1932 920 1998 J
922 1934 1052 1999 uvonali
1065 1936 1294 2020 subjungitur.

652 2032 779 2101 Codices
796 2032 949 2099 cantabr.

312 2138 471 2202 Similiter
485 2132 660 2203 dicendum
673 2144 727 2203 est
741 2138 784 2201 de
799 2134 1120 2221 cantabrigiensibus.
1160 2137 1311 2205 Persius
1324 2159 1372 2205 ao

270 2238 444 2324 cipientlus
459 2246 511 2303 est
523 2236 726 2321 conjunctim
740 2257 818 2301 enm
834 2238 858 2303 J
860 2238 997 2303 uronale
1009 2238 1069 2322 (do
1092 2258 1161 2321 quo
1184 2242 1311 2307 videns
1324 2262 1371 2306 sn·

268 2337 358 2427 pra),
380 2339 439 2407 sed
453 2358 519 2408 non
533 2340 723 2423 separatim,
748 2342 813 2405 nisi
838 2340 874 2403 in
892 2356 960 2404 nno
983 2339 1111 2405 Codice
1131 2343 1195 2424 qui
1213 2344 1301 2407 olim
1315 2344 1372 2408 fnit
1410 2355 1411 2360 ’

268 2442 408 2509 Thomae
423 2440 520 2518 Gale,
546 2460 632 2505 nmo
659 2440 752 2505 Prin
777 2434 862 2505 Coll.
898 2439 984 2505 God-
1002 2440 1173 2523 nntiquns,
1188 2446 1371 2509 membran

270 2544 451 2621 continens,
471 2562 546 2607 orm
560 2540 647 2617 ulis,
665 2540 774 2605 Persii
798 2540 939 2619 satiras,
952 2559 1038 2625 quas
1057 2546 1148 2605 notar
1158 2540 1331 2623 plurimae,
1344 2553 1372 2609 et

271 2643 428 2729 dissonuit
440 2642 579 2720 curioso,
593 2640 801 2707 comitantur.

702 2738 806 2805 coda
821 2738 940 2804 Scelus.

251 2885 257 2893 ·
314 2844 353 2909 ln
368 2844 515 2909 biblioth.
535 2842 783 2908 Advocatomm
808 2840 898 2925 apud
922 2840 1016 2907 Soot.
1037 2847 1090 2907 est
1111 2841 1188 2906 cod.
1216 2844 1292 2910 bl‘s.
1315 2864 1372 2911 mx
1410 2875 1411 2892 ÷

271 2946 340 3011 Sat
354 2944 464 3012 Persii
477 2945 663 3009 contuens:
685 2944 754 3007 alia
766 2943 866 3009 etiam
880 2946 1035 3011 continet.
1049 2942 1126 3009 8vo.
1140 2946 1327 3013 membran.
1409 2987 1412 3186 l

318 3156 360 3223 P.
372 3158 407 3223 S.
438 3158 506 3224 llis
528 3158 639 3233 linitis,
654 3157 734 3222 dnm
747 3157 879 3240 pagium
893 3157 956 3220 sub
970 3156 1075 3240 praelo
1094 3162 1184 3234 eunt,
1202 3158 1371 3243 subjungi·
1410 3193 1411 3202 1

270 3280 345 3325 mus
359 3260 442 3325 duos
455 3260 589 3326 codices
604 3259 724 3334 Persii,
741 3260 775 3321 in
789 3258 988 3322 bibliotbwa
1000 3257 1093 3322 min.
1108 3256 1196 3322 Ooll.
1211 3257 1369 3340 Guntab.;

163 3398 165 3401 ·
271 3360 381 3427 Notas
397 3360 484 3425 Mas.
505 3360 547 3425 T.
564 3360 673 3437 Galei,
690 3362 724 3423 in
739 3360 903 3438 Persium,
918 3360 1079 3424 ineauem
1098 3360 1257 3425 biblioth.
1270 3362 1368 3427 laten·

268 3470 332 3537 tos,
347 3447 440 3537 atui
453 3460 608 3537 fallimur,
624 3478 791 3543 nunqnam
806 3458 1044 3543 promulgaturus
1065 3467 1099 3527 et
1113 3462 1204 3544 apud
1219 3464 1365 3527 bibliotb.

270 3558 402 3624 Sobolae
418 3560 604 3636 Etonensis,
616 3581 722 3626 unum
729 3562 805 3627 cod.
814 3562 1040 3625 commentarii
1051 3564 1086 3626 in
1095 3562 1263 3641 Persium,
1272 3583 1366 3627 unum

268 3660 349 3725 item
367 3658 518 3725 Persium
534 3666 566 3723 et
586 3659 609 3722 J
612 3662 783 3725 uvoualem
798 3662 1028 3741 continentem,
1043 3669 1077 3726 et
1099 3664 1204 3727 alium
1223 3664 1249 3727 J
1251 3684 1365 3729 urena-

270 3762 335 3830 lom
350 3764 420 3827 sine
435 3758 570 3853 Persio,
592 3768 626 3824 et
639 3763 738 3825 etiam
762 3764 880 3827 libmm
893 3762 1089 3845 impressum
1099 3762 1259 3830 Juvenal.
1273 3764 1362 3849 (out

271 3862 389 3928 Milan.
407 3858 521 3944 1746.)
539 3880 612 3926 cum
627 3863 715 3925 notis
728 3862 810 3928 blsa
847 3864 924 3927 Hos
937 3864 1074 3928 codices
1088 3866 1189 3945 longo
1198 3866 1272 3950 jam
1288 3873 1363 3930 tem·

270 3982 353 4049 pore
375 3964 496 4031 abhinc
510 3965 544 4026 iu
560 3961 708 4026 biblioth.
723 3961 879 4027 Butuensi
893 3966 1023 4046 positos
1036 3984 1144 4051 usque
1157 3960 1204 4029 ud
1221 3986 1360 4050 prmeom

271 4064 370 4131 sodes
393 4064 547 4148 proprias
560 4082 746 4145 occupasse
758 4062 870 4129 edocti
885 4082 1001 4129 sumus
1015 4066 1060 4131 ab
1073 4066 1209 4131 erudito
1221 4068 1359 4151 ejusden

271 4166 435 4249 Magistro
460 4165 596 4242 scholae,
620 4165 656 4230 J.
674 4164 796 4244 Konta,
810 4164 932 4231 S·T·P.
954 4167 1012 4231 oui
1036 4166 1355 4244 ob'bencvolflp'nn

271 4268 388 4353 matie
402 4268 521 4333 debent
534 4266 656 4336 referri.
