2850 4817
504 432 642 483 sertus
666 432 702 481 v.
1079 492 1083 499 ,
1100 417 1165 484 131

37 573 119 640 Cui
133 576 228 655 licet,
242 580 282 641 ui
294 575 425 642 volnitl
447 576 539 654 licet,
552 580 591 640 ul
603 578 694 655 volo,
708 576 843 642 virere:
866 594 932 641 non
948 578 1010 642 sim

40 677 211 743 Liberior
224 679 330 744 Bruto
340 678 367 743 l'
392 677 557 743 Mendose
571 680 715 763 colligis,
729 680 835 764 inquit
1106 678 1168 746 85

41 778 195 845 Stoicus
208 782 277 861 hic,
291 801 404 846 aurem
416 782 566 846 mordaci
579 782 667 846 lotus
684 788 793 848 aceto.

44 880 139 945 Hoc
152 882 318 965 reliquum
329 884 481 968 accipio:
505 881 577 946 licet
591 882 673 947 iliud
688 892 722 949 et
735 893 770 947 ut
784 882 855 949 volo
868 886 958 951 tolle.

44 1094 92 1142 etti
107 1093 156 1153 sus
164 1100 200 1143 est
210 1095 285 1145 oitost
301 1098 385 1145 iacere
399 1099 431 1147 nul
446 1098 549 1149 libitum.
582 1098 620 1149 At
630 1099 690 1149 utili
701 1100 745 1162 sus
760 1104 794 1150 etl
805 1101 880 1151 titum
894 1102 978 1151 duero
989 1102 1020 1149 uti
1030 1099 1167 1151 arbitrium.

47 1159 196 1223 Numquid
206 1160 288 1223 igitur
297 1142 420 1237 soussbro
429 1164 506 1213 Bruto
516 1162 632 1215 liberior?
642 1166 715 1215 Falto
726 1165 853 1227 susidis,
861 1168 896 1215 ult
906 1166 946 1215 ills
958 1166 1061 1225 Stoicus,
1071 1165 1168 1214 babens

45 1238 141 1272 wem
157 1229 287 1287 Μαίη
303 1240 355 1274 sort
370 1232 445 1277 uesta
487 1229 574 1278 Cetera
588 1228 693 1293 quidem
704 1230 746 1278 illu
757 1230 866 1293 nimbo,
882 1230 928 1279 sed
947 1244 1022 1293 apage
1040 1237 1111 1283 tuum
1128 1229 1170 1276 loc
1220 1272 1226 1281 ,
1296 1266 1300 1273 .

50 1483 236 1613 aelffini}
256 1491 285 1535 et
301 1484 361 1536 Gal.
378 1486 443 1537 Mes.
454 1493 482 1537 et
493 1486 590 1539 e.-st
606 1490 671 1553 licat,
681 1492 706 1539 ut
718 1490 778 1552 solo,
788 1460 938 1552 sisnatollt
954 1486 1025 1537 Edit.
1037 1485 1128 1551 Steplt.
1141 1478 1170 1563 ei

567 1665 674 1717 NOTAE

93 1776 128 1823 84
148 1775 193 1823 Gai
204 1774 401 1841 licet‚utoolst't]
424 1777 544 1830 Genuina
557 1785 598 1829 est
637 1794 725 1829 aarum
737 1779 832 1829 subtile
851 1776 902 1829 fnit
920 1778 963 1828 rel
982 1776 1067 1844 potins
1087 1777 1171 1842 tpino·

53 1850 192 1902 libertatis
214 1851 340 1917 definitio,
361 1868 376 1905 e
400 1870 452 1920 qua
473 1856 598 1921 majorem
637 1870 694 1905 snm
705 1856 847 1906 disserendi
858 1855 957 1919 genus!

56 1928 268 1993 propositionem
286 1928 392 1981 conficit
408 1929 521 1983 Marcus.
553 1932 597 1983 stc
671 1936 702 1983 st
721 1932 775 1982 Hoc
791 1933 906 1996 reliquum
922 1928 1084 1996 arripiens]
1119 1928 1172 1979 nd-

58 2006 134 2053 enitn
152 2005 217 2055 'lull
237 2005 332 2056 Parati.
351 2012 377 2057 t.
409 2008 479 2058 Item
488 2006 565 2059 Offie.
579 2022 598 2059 ι.
639 2008 857 2059 mittolibertstls
876 2006 1052 2057 definitionem
1069 2006 1096 2055 in
1115 2018 1172 2069 pro·

57 2084 67 2109 ⁸
84 2078 135 2129 Est
146 2086 261 2143 potestas
280 2081 384 2131 vivendi
394 2090 425 2133 nt
435 2082 514 2132 telis!
546 2084 600 2133 De·
641 2082 769 2149 positione
781 2088 946 2135 contentam:
959 2083 1044 2149 iuquit
1053 2082 1171 2133 Stoicus:

59 2164 177 2205 sumtum
201 2170 264 2206 vero
292 2158 397 2208 videtur
416 2174 431 2208 e
450 2159 556 2209 Lairtio
573 2160 600 2209 in
639 2174 691 2209 nou
709 2174 772 2209 tero
791 2168 888 2211 cetera.
922 2160 1024 2224 Legunt
1040 2158 1093 2219 alii,
1112 2158 1174 2207 lieo

61 2232 230 2290 monenti
239 2234 414 2285 eichebetnrt
431 2234 525 2295 bristi
536 2238 601 2286 issu·
638 2236 730 2301 νιὶίφια
749 2237 852 2301 αιείρίοε
873 2238 927 2287 lieet
946 2238 1014 2298 illud,
1033 2242 1067 2299 el,
1077 2241 1105 2285 ut
1114 2236 1174 2297 uolo,

60 2306 407 2375 Maltmlaabmpaylus.
437 2312 600 2377 EtEpictet.
639 2314 702 2364 tollo.
736 2312 788 2363 Alii
801 2316 949 2374 restituunt,
959 2328 1007 2362 nec
1016 2314 1071 2362 tine
1083 2311 1175 2376 probu-

62 2385 137 2449 apud
157 2384 260 2437 Artiau.
277 2402 335 2452 cap.
356 2393 379 2438 l.
400 2389 445 2439 lib.
462 2402 493 2438 tt.
512 2398 541 2440 et
560 2404 598 2439 tv.
640 2390 806 2453 bilitatione,
818 2390 979 2454 Haeerrlt'qun
989 2388 1093 2453 occipio:
1109 2389 1174 2450 boet,

61 2460 187 2524 massot
194 2462 341 2526 δοτινόζόν
350 2464 381 2514 tis
391 2462 512 2520 βούληαι.
536 2464 601 2515 Per·
639 2470 666 2515 ul
678 2466 737 2529 nolo,
747 2466 903 2528 vernemetis

64 2540 106 2603 git
125 2538 225 2599 Deum
250 2538 319 2590 Licet
336 2547 363 2591 ut
379 2542 429 2590 uolo
446 2543 531 2590 niune.
565 2542 601 2590 El
673 2542 749 2591 iicet
766 2542 826 2590 illud
846 2548 869 2590 et
891 2547 922 2591 nt
940 2540 1000 2590 volo
1021 2538 1088 2601 tolle]
1128 2537 1175 2588 As'·

63 2616 124 2664 inec
135 2622 175 2664 est
184 2615 267 2663 minor
278 2617 430 2682 propositio.
472 2616 601 2681 Ergo,itt·
639 2620 792 2667 stitutionem
814 2625 843 2667 ut
867 2616 956 2667 faisant
977 2630 1084 2665 amove:
1110 2614 1175 2664 bunc

65 2690 135 2756 quit,
151 2694 251 2741 nouum
262 2692 357 2742 liberior
369 2690 467 2744 Bruto?
491 2692 601 2743 Conclu-
640 2708 691 2759 ego
711 2708 821 2757 respuo;
847 2700 875 2744 et
897 2692 1128 2757 paucissimarum,
1148 2698 1175 2739 te

67 2769 108 2818 sio
118 2766 267 2831 syllogismi.
448 2765 452 2772 ’
594 2779 598 2788 ’
642 2784 693 2819 non
712 2770 800 2820 viuere
816 2777 846 2821 nt
862 2770 911 2833 vis,
929 2776 956 2820 et
973 2776 1003 2819 nt
1022 2768 1103 2829 libet;
1125 2782 1175 2819 nec

102 2850 134 2895 85
150 2845 356 2911 LibniorBrato]
382 2848 421 2897 Μ.
433 2848 525 2899 Jnulus
537 2848 602 2897 Bru·
643 2846 1058 2912 tibilieereqnodoptssetquod
1072 2846 1174 2910 placet:

68 2929 113 2973 tus
125 2922 318 2986 ilentpublicam
328 2924 468 2973 Romanam
478 2924 602 2987 allegam
642 2930 672 2973 tn
683 2924 815 2973 enimvero
827 2925 912 2988 potius
930 2923 1013 2987 ageris
1023 2927 1052 2971 et
1064 2922 1176 2984 raptaris

68 2997 196 3049 servitute
223 3012 255 3048 aa
283 2999 420 3061 tyrannide
452 2999 603 3061 vindicavit,
643 3014 806 3070 quorumque
817 3001 923 3050 trahunt
933 3006 959 3049 te
971 2998 1109 3063 cupiditas,
1121 2996 1177 3046 libi·

68 3074 205 3140 pristinam
219 3075 367 3125 libertatem
385 3074 517 3125 restituit:
535 3076 603 3139 ejus·
643 3074 687 3135 (lo,
706 3076 808 3140 aliaque
825 3076 895 3125 vitis.
936 3073 1012 3123 Unde
1028 3086 1129 3123 serrum
1149 3078 1175 3120 te

69 3169 122 3218 que
132 3152 264 3202 linnandte
277 3168 362 3218 cansa,
376 3168 425 3202 nec
435 3154 547 3217 propriis
560 3167 604 3217 pe·
643 3153 783 3213 contendo,
800 3153 908 3202 liberunt
927 3164 1048 3216 pernego.
1082 3148 1176 3198 liorat.

69 3230 157 3296 percit
165 3228 232 3293 liliis,
242 3244 306 3295 quos
322 3230 346 3279 ei
365 3228 515 3278 insidiantes
528 3242 604 3277 neca·
644 3230 698 3279 Sat.
719 3242 750 3277 tr.
770 3232 794 3278 7.
809 3228 817 3255 ‘
830 3228 871 3277 'l'n
891 3227 951 3276 mibi
971 3228 1014 3291 qui
1033 3224 1176 3289 imperitas,

69 3308 118 3357 vit,
149 3307 198 3357 lit.
216 3307 273 3358 Lis.
284 3308 310 3356 in
322 3306 372 3357 fine
384 3307 430 3357 lib.
444 3322 463 3357 ι.
483 3314 511 3357 et
526 3308 603 3357 initio
644 3304 701 3354 aliis
721 3305 800 3353 servis
819 3304 905 3365 miser,
923 3310 1000 3368 utque
1016 3302 1136 3361 Duceni,
1147 3308 1177 3350 ut

69 3384 160 3433 lib.tt.
190 3383 279 3434 Valet.
299 3384 408 3434 Maxim.
428 3396 455 3433 v.
472 3388 496 3433 8.
531 3384 602 3433 Flos.
643 3380 730 3428 nervis
748 3380 837 3429 alienis
849 3378 945 3428 mobile
962 3380 1069 3443 lignum.
1102 3376 1178 3429 Quis-

70 3466 130 3510 t.ll.
643 3473 702 3509 nant
724 3458 805 3521 igitur
829 3458 913 3507 libor?
943 3458 1059 3521 Sapiens,
1078 3456 1177 3522 sibique

106 3534 217 3584 illesione
235 3534 338 3598 colligis]
370 3534 548 3599 Redarguitur
565 3534 604 3585 Μ.
643 3534 813 3597 imperiosus:
852 3534 1080 3585 rutupinus.
1106 3531 1177 3582 ‘lnt-

72 3614 166 3674 Dansa,
176 3612 283 3676 ejusque
294 3610 454 3676 syllogismus
467 3610 605 3675 retexitur,
644 3611 740 3675 probos
755 3626 805 3660 non
824 3611 862 3661 ita
879 3612 970 3661 dieunt
981 3626 1038 3661 esse
1050 3624 1137 3661 sertus
1149 3617 1179 3659 ut

71 3690 121 3739 lton
132 3685 184 3736 sere
195 3688 287 3738 modb:
314 3692 431 3737 transeat
443 3686 584 3751 propositio
595 3702 602 3735 z
644 3686 784 3750 mancipia,
794 3702 852 3752 quas
865 3694 925 3737 sunt
936 3687 1097 3735 dominorum
1108 3682 1179 3733 facte

73 3763 218 3829 estquidam
237 3764 302 3813 bene
320 3763 454 3811 intellecta
471 3770 544 3812 certa
554 3768 603 3812 est.
644 3778 721 3825 nexu,
736 3770 781 3811 aut
800 3763 886 3827 aliquo
899 3762 959 3827 jure
979 3762 1063 3811 civili:
1090 3759 1179 3818 setl,si

73 3843 189 3907 Nugatur
205 3840 346 3899 assumtlo;
374 3853 451 3903 qnam
465 3845 549 3888 temen
560 3838 604 3887 ille
644 3840 755 3889 servitus
765 3840 809 3901 sit,
821 3841 887 3888 sicut
898 3848 938 3889 est
950 3838 1099 3887 obedientis
1110 3835 1179 3885 frac-

73 3932 134 3969 mox
150 3916 424 3967 asserereconabitur.
455 3915 523 3963 Vide
538 3912 606 3965 tntrs
645 3916 667 3965 ti
678 3916 757 3966 animi
769 3922 797 3965 et
809 3914 917 3979 abjecti,
927 3922 955 3963 et
966 3913 1073 3963 arbitrio
1088 3926 1179 3961 caten·

74 4008 183 4045 errorem
195 3992 347 4057 syllogismi.
531 4004 535 4013 ·
646 3992 680 4041 tis
698 4008 754 4055 suo,
773 3994 831 4059 quis
847 3999 925 4055 neget
937 4005 1024 4040 omnes
1035 3990 1115 4049 leves,
1126 4002 1179 4037 ont·

60 4110 65 4121 .
109 4075 139 4121 86
155 4066 425 4129 Mordacilottttucelo]
458 4065 606 4116 instructus
645 4084 692 4120 nes
712 4069 830 4135 cupidos,
846 4084 935 4119 ornnes
955 4067 1066 4131 denique
1083 4068 1179 4129 impro-

76 4143 312 4209 moralidisciplinn
329 4143 468 4203 seueriori;
491 4143 534 4191 tel
551 4141 606 4193 acri
647 4145 694 4196 bos
713 4163 771 4197 esse
791 4145 895 4195 seruos?
919 4143 961 4194 An
974 4145 1018 4193 ille
1037 4142 1098 4192 milti
1115 4142 1179 4191 liber

73 4224 170 4290 jndicio
180 4222 256 4273 simul
268 4228 295 4271 et
312 4220 456 4271 dialectica.
489 4220 558 4271 Nam
576 4228 607 4272 nt
646 4222 774 4287 videatur,
793 4222 835 4271 aul
854 4222 945 4270 muller
965 4220 1084 4286 imperet,
1107 4220 1179 4285 leges

78 4303 113 4354 ult
131 4300 213 4354 Cicer.
232 4298 266 4350 de
286 4298 391 4352 tinibus
411 4314 454 4351 m.
473 4306 498 4351 t.
520 4300 607 4352 ‘Stoi
646 4298 765 4365 imponit,
777 4304 850 4349 vetut
862 4290 1069 4364 quadrideturi’
1086 4290 1136 4351 &eL
