2850 4817
233 332 320 401 talo
570 346 762 401 asenneus
787 316 1001 397 animorum

272 488 288 521 ‘⁸
303 488 410 549 Lubini
424 505 463 548 11.
484 508 509 549 s.
523 487 711 549 wecheliana
731 492 775 563 (u.
789 490 851 561 77.)
876 489 920 549 D.
932 488 1023 549 Juaii
1034 488 1189 551 demodis
1208 488 1343 571 Satyrs<

232 603 299 647 ress
319 586 409 647 Libri
430 602 520 645 πω
542 584 654 645 duobus
676 586 888 664 eumolpio
908 587 1122 665 exemplaribus
1140 594 1171 647 et
1189 590 1341 647 murm.

232 685 434 762 unammipto
446 681 657 743 Commentario
665 682 739 760 pleis
748 702 834 761 μοι
844 681 982 745 ducentis
991 683 1065 743 locis
1074 686 1209 745 conecti.
1245 684 1342 743 Pra-

233 788 313 841 tereu
335 780 375 839 A.
396 779 498 840 Flacci
519 779 623 839 Persii
647 778 825 858 saepem
846 780 924 841 liber
944 800 1031 841 sau.
1074 781 1147 841 Cass
1167 779 1291 859 mlysi
1310 788 1342 839 et

233 876 409 939 doctissimis
422 876 645 947 amatoriis,
661 879 778 953 parties
791 895 871 937 aeae
879 879 1020 954 prinum
1038 876 1203 955 partiariis
1215 878 1343 957 integro

232 972 332 1043 editis,
349 972 494 1032 Eitlsordi
509 970 631 1031 Labiai.
673 972 712 1031 Iis
717 971 785 1051 fisse
798 976 920 1035 semesit
932 992 1031 1033 sem
1043 980 1073 1033 et
1085 974 1236 1033 serisssss
1248 972 1345 1033 indes

233 1070 418 1131 utilissimus.
462 1068 615 1141 llanovire,
638 1072 721 1150 typis
745 1070 946 1141 Weoltels‘sais,
967 1070 1049 1150 spisd
1069 1068 1227 1131 Cludit·
1247 1070 1345 1130 Mos·-

234 1166 316 1227 siistas
328 1172 356 1224 et
371 1165 499 1225 mdes
512 1163 642 1227 Jooaas's
658 1167 836 1227 Assbsii-t.
855 1166 943 1229 160³.

275 1262 406 1323 Lubinus
418 1263 591 1323 iuvenalem
605 1274 635 1323 et
655 1264 692 1323 ad
708 1262 799 1323 fidem
818 1264 957 1323 codicum
972 1266 1046 1324 blss.
1060 1282 1223 1335 recensere,
1244 1275 1278 1325 et
1298 1265 1345 1325 in-

235 1359 386 1439 terpretari
406 1370 530 1421 commus
544 1370 600 1431 est,
621 1360 672 1421 sed
689 1360 785 1439 impar
797 1360 853 1421 fuit
875 1361 984 1419 talibus
995 1360 1083 1421 ausis.
1124 1362 1203 1420 Raro
1223 1364 1346 1423 nonsit

234 1456 401 1517 varietatem
415 1456 557 1528 lectionis,
578 1466 609 1517 et
622 1456 715 1516 modo
729 1457 817 1527 banc,
840 1455 929 1515 modo
944 1456 1021 1515 illem
1042 1456 1241 1517 recensionem
1255 1478 1345 1537 supe-

232 1552 349 1625 riorem,
365 1555 538 1633 plerumque
549 1553 704 1631 Stephani,
720 1551 850 1632 Gryphii
863 1562 894 1611 et
905 1552 1069 1623 l’ulmanni,
1084 1562 1202 1611 mcutus
1212 1555 1345 1617 videtur.

234 1650 471 1711 Commentarius
492 1659 591 1708 autem
612 1649 763 1726 speciosus
777 1648 885 1719 verbis,
905 1668 937 1707 re
950 1648 1045 1707 inanis
1057 1658 1114 1719 est,
1136 1658 1166 1707 et
1180 1650 1345 1713 verbosum

233 1745 334 1823 prodit
354 1756 536 1821 nugatorem,
561 1745 610 1823 qui
625 1748 765 1825 pleraque
785 1766 843 1805 nou
857 1747 956 1817 semel,
977 1744 1029 1804 sed
1051 1745 1094 1804 bis
1109 1754 1198 1816 tense,
1219 1748 1344 1808 mutatis

235 1842 331 1903 verbis
345 1843 535 1921 repropitiet,
558 1851 588 1901 et
601 1861 704 1901 vanam
725 1861 805 1920 saepe
819 1843 1001 1921 alienamque
1021 1851 1151 1903 ostentat
1163 1842 1344 1916 doctrinam,

236 1958 303 2017 quse
316 1938 408 1997 multa
428 1948 490 1997 tum
505 1938 635 1999 obscura
654 1959 711 1998 uon
727 1939 861 2010 illustrat,
884 1949 945 2000 tum
959 1937 1028 1999 satis
1047 1940 1127 1998 clare
1139 1948 1171 1999 et
1183 1939 1346 2017 perspicua

234 2036 337 2097 alienis
359 2034 517 2095 luminibus
539 2034 640 2095 affusis
653 2034 810 2095 obfuscat:
832 2055 924 2115 quare
937 2036 986 2095 vir
1005 2035 1074 2095 satis
1094 2034 1191 2094 rnirari
1207 2054 1344 2113 possum

234 2132 305 2210 qiiid
328 2150 426 2190 causae
448 2130 546 2201 luerit,¹
569 2130 650 2209 quod
674 2130 850 2191 recentiores
874 2131 1055 2207 interpretes,
1080 2130 1210 2200 l’rateus,
1238 2130 1347 2192 Scbre·

234 2228 337 2298 velius,
359 2224 508 2296 Marshall,
530 2226 647 2305 aliique,
669 2226 749 2285 bunc
763 2224 1005 2285 commentarium
1018 2224 1121 2283 ceteris
1135 2224 1221 2303 longe
1235 2226 1348 2303 praete·

235 2324 369 2394 rendum,
390 2321 470 2382 etad
486 2322 607 2382 verbum
623 2322 682 2381 fere
696 2322 888 2401 repetendum
902 2330 955 2380 aut
974 2321 1060 2380 unice
1074 2321 1256 2399 sequendum
1270 2340 1346 2383 ceu·

234 2402 357 2482 'suerint
398 2418 503 2497 Neque
518 2437 615 2479 meum
635 2418 723 2477 modo
736 2418 794 2477 boc
811 2416 958 2493 judiciuin
973 2424 1029 2487 est,
1048 2415 1102 2475 sed
1116 2418 1255 2477 llenniuii
1267 2438 1346 2496 quo·

235 2536 304 2597 que,
326 2516 376 2596 qui
397 2516 469 2576 illud
492 2514 536 2576 his
558 2512 651 2575 verbis
671 2514 756 2574 tulit:
786 2514 940 2573 ‘Lubinus
960 2513 1036 2573 inter
1055 2513 1227 2591 interpretes
1247 2513 1345 2577 nostri

234 2622 332 2693 politae
352 2612 441 2693 vulgo
461 2612 666 2673 celeberrimus
687 2620 750 2671 cst:
772 2604 824 2669 sed
844 2609 921 2669 enim
940 2608 1156 2685 loquacissimae
1178 2609 1236 2669 itta
1254 2630 1346 2689 para·

234 2711 356 2791 phrases
376 2710 425 2769 cui
446 2710 534 2780 bono,
555 2708 610 2768 nisi
630 2707 751 2767 terendo
771 2708 852 2786 apud
873 2706 997 2766 citratos
1015 2705 1100 2767 otiol
1122 2705 1344 2785 indulgendum

236 2815 333 2864 tamen
346 2804 402 2865 iuit
416 2804 596 2882 bibliopolae,
610 2803 767 2863 affirmanti
781 2802 945 2863 avidissime
959 2802 1060 2882 expeti
1073 2801 1181 2862 Lubiui
1194 2822 1347 2864 commen·

234 2900 316 2970 teria,
338 2918 427 2977 quare
442 2899 522 2959 vides
536 2918 582 2958 me
603 2898 763 2975 smpissiine
777 2896 924 2956 Lubinum
938 2895 1103 2955 adduxisse.
1146 2896 1271 2957 Videtur
1284 2899 1345 2959 Lu-

237 2997 321 3057 binus
342 3014 410 3056 suas
423 2995 587 3073 Ecphrases
607 2995 636 3053 in
653 2994 858 3055 Rostocliiensi
873 2993 1045 3077 Auriensis,
1068 2993 1120 3052 ubi
1132 2992 1285 3071 professos
1298 3004 1346 3057 est

235 3090 420 3155 humaniores
434 3092 542 3161 literas,
557 3091 700 3153 Studiosis
710 3091 740 3150 in
755 3090 871 3149 Scbolis
886 3089 1006 3168 privatis
1018 3088 1142 3167 primum
1156 3090 1343 3169 pralegisseg

235 3192 314 3249 unde
332 3188 406 3249 adeo
428 3198 593 3267 turgescere
612 3190 657 3247 eol
676 3192 863 3261 roarolo-pete
886 3185 1033 3245 didicere:
1054 3186 1096 3245 ibi
1110 3204 1238 3264 namque
1259 3187 1343 3248 istud

235 3284 298 3345 lieri
311 3295 401 3345 amat.
443 3284 599 3363 Inscripsit
616 3286 632 3347 J
637 3295 704 3345 usto
717 3294 748 3343 et
765 3283 873 3343 loanni
888 3281 1067 3353 Bredovicis,
1090 3282 1247 3362 Equitibus
1261 3286 1345 3343 Mar·

235 3380 340 3452 chicis,
361 3394 445 3441 suum
469 3380 609 3452 laborem,
634 3399 726 3458 seque
749 3378 859 3440 fatetur
879 3398 964 3437 usum
986 3377 1099 3438 duobus
1121 3379 1240 3455 optimae
1261 3390 1342 3441 notar

236 3478 314 3539 Mss.
329 3476 555 3555 exemplaribus,
576 3475 604 3534 in
628 3496 753 3554 quorum
773 3476 867 3537 altero
886 3475 916 3533 in
931 3474 1100 3533 membrana
1119 3474 1265 3553 ascriptus
1277 3484 1344 3537 erat

237 3574 466 3633 Commentarius
483 3570 713 3644 Vesusstsstmas,
729 3594 819 3651 quem
832 3574 861 3632 in
876 3572 963 3632 Notis
976 3572 1038 3631 suis
1051 3571 1177 3631 subinde
1191 3571 1235 3631 bis
1251 3572 1343 3652 siglis,

236 3669 271 3731 V.
288 3668 333 3740 0.,
347 3668 476 3730 indicat:
499 3690 536 3727 er
550 3670 594 3729 liis
608 3668 707 3729 Codd.
726 3670 767 3728 ait
779 3672 901 3748 Satyros
922 3667 980 3726 sibi
992 3666 1067 3727 locis
1087 3668 1153 3747 plns
1167 3667 1264 3727 minus
1276 3688 1344 3729 cess·

128 3764 132 3769 ’
235 3774 297 3827 tusa
311 3772 354 3844 (at
368 3766 396 3825 iu
411 3764 507 3824 fronte
518 3764 582 3823 lton·
597 3764 641 3823 sui
655 3764 796 3825 docentes
803 3766 912 3840 jactat)
926 3774 1092 3831 correctas;
1114 3784 1204 3843 seque
1218 3784 1342 3843 operam

235 3864 359 3933 dedisse,
375 3884 410 3922 see
423 3860 576 3921 Juveaatts
587 3860 723 3941 amplios,
747 3868 885 3942 trapeam
900 3861 1054 3941 Spbingos
1065 3860 1187 3941 aliquod
1198 3864 1342 3943 αἱμα,

235 3948 403 4041 egeritur!
440 3958 574 4019 Titulum
597 3968 628 4017 et
651 3956 808 4037 Epistulas,
836 3978 853 4016 a
877 3959 994 4019 Lubino
1015 3956 1163 4037 praefixas,
1190 3960 1342 4039 excipiunt

234 4056 299 4137 ejus
313 4059 406 4119 oratio
420 4058 456 4118 de
471 4076 501 4117 re
514 4054 644 4137 poetica,
658 4044 688 4115 et
702 4052 900 4133 apologeticus
912 4072 968 4133 pso
981 4057 999 4115 J
1002 4054 1133 4113 uvcnale.

276 4154 436 4227 damantis,
456 4156 486 4215 in
509 4154 575 4215 Vol.
599 4170 639 4221 ιι.
661 4155 751 4231 Corp.
771 4156 853 4231 polit.
874 4150 940 4213 Lat.
959 4151 1033 4212 editi
1054 4171 1073 4209 a
1092 4152 1173 4211 Sam.
1196 4148 1343 4231 Crispino,
