2850 4817
315 852 893 997 naumurum

567 1172 618 1223 DE

153 1318 633 1529 PERStI‘
718 1412 1038 1547 VITA,

436 1696 772 1789 MORIBUS‚

256 1977 326 2055 ΕΤ
365 1979 666 2073 SCRlBENDl
708 1982 950 2059 G‘ENERE·

46 2555 309 2645 Darandai-rs
331 2582 383 2642 tot
396 2580 564 2660 tantisque
576 2570 803 2642 nationibus'a
812 2573 988 2654 Romnum,
1000 2578 1157 2661 omniqua

46 2682 173 2747 ratione
188 2680 357 2764 expilatis,
378 2680 522 2761 ingentes
541 2678 683 2755 divitiae,
705 2697 850 2762 quaeque
864 2696 909 2741 ex
927 2677 979 2743 iris
992 2680 1088 2743 nasci
1100 2698 1157 2744 so·
1203 2670 1210 2686 ⁶

46 2780 123 2859 lent,
148 2780 302 2858 eventia,
325 2780 471 2858 luxuria,
496 2781 675 2863 omniaque
689 2780 848 2843 vitiorum
862 2798 992 2862 genere,
1012 2776 1158 2847 Romam

46 2884 294 2964 confluxerant3
317 2884 439 2966 quibus
464 2882 596 2947 tandem
622 2882 768 2963 corrupti
792 2881 937 2945 victores
956 2886 991 2945 et
1011 2884 1160 2949 enervati

46 3003 177 3048 omnem
198 2985 382 3049 honestatis
404 2989 437 3047 et
459 2984 624 3047 libertatis
646 3000 781 3047 sensum
801 2980 888 3046 adeo
910 2982 1102 3061 amiserunt,
1122 2989 1160 3047 ut

46 3095 279 3172 gravismmum
295 3094 463 3159 servitutis
480 3094 607 3179 jugum,
624 3112 645 3157 a
660 3092 863 3175 turpissimis
876 3092 1040 3155 interdurn
1051 3092 1159 3156 lromi·

46 3192 145 3258 nibus
161 3196 224 3259 sibi
239 3196 440 3280 impositum,
461 3216 562 3279 aequo
583 3196 695 3259 auimo
717 3198 915 3278 paterentur.
960 3192 1079 3258 Prisca
1099 3190 1160 3259 illa

48 3297 148 3361 animi
165 3298 355 3379 magnitudo
374 3306 407 3361 et
427 3296 588 3381 gravitas,
611 3314 680 3379 qua
703 3294 848 3359 Romani
863 3300 990 3359 veteres
1011 3295 1160 3380 reliquas

48 3400 200 3465 nationes
215 3403 446 3481 prestiterant,
468 3400 528 3465 vili
554 3400 657 3464 cessit
679 3397 863 3463 adulationi
876 3396 1064 3481 puerilique
1079 3401 1160 3470 levi·

48 3504 115 3565 tati.
163 3500 291 3565 Etenim
306 3503 382 3587 ipsa
395 3502 579 3587 frugalitas,
594 3508 700 3565 mater
713 3518 813 3584 poene
826 3484 973 3565 oinnium
986 3484 1159 3575 virtutum,

49 3606 170 3685 quibus
183 3622 301 3667 nornen
323 3600 514 3669 Romanurn
528 3604 582 3669 vel
600 3604 716 3669 hostes
737 3602 972 3667 infestissimos
986 3603 1019 3666 in
1034 3606 1089 3669 sui
1100 3608 1161 3672 nd·

50 3704 256 3770 mirationem
270 3713 435 3790 rapuerat,
461 3708 583 3791 opibus
605 3706 695 3770 orbis
714 3712 871 3769 terrarum
893 3705 928 3767 in
947 3705 1062 3769 urbem
1081 3728 1161 3771 con·

50 3807 161 3885 gestis,
175 3807 322 3889 expulsa
342 3807 426 3873 adeo
441 3806 587 3886 evanuit,
600 3811 635 3871 ut
646 3807 681 3870 in
695 3808 815 3890 paucis
834 3804 1011 3881 admodum
1028 3826 1162 3888 genero·

51 3904 145 3973 eloris
172 3906 305 3984 indolis,
331 3912 390 3992 qui
415 3928 438 3973 a
459 3906 625 3973 communi
648 3908 805 3973 vinorum
825 3908 981 3989 contagio
1002 3908 1167 3973 uacum·

53 4014 262 4071 servaverant
285 4010 442 4086 animum,
464 4010 606 4094 vestigia
627 4011 699 4094 ejus
721 4014 936 4074 remanerent.
981 4007 1109 4073 Umbra
1122 4008 1162 4073 li.

53 4104 197 4188 benads,
212 4130 312 4193 quam
327 4108 503 4195 Augustus
518 4112 663 4195 civibus,
683 4112 790 4195 magis
805 4118 842 4175 ut
857 4112 910 4177 sui
925 4110 1034 4201 ipsius
1049 4108 1162 4185 saluti,

56 4228 149 4293 quam
162 4218 201 4277 ut
213 4231 327 4277 eorrnn
341 4214 527 4289 oomrnodis
552 4214 750 4293 cumularet,
773 4212 962 4299 reliquerat,
983 4232 1006 4277 a
1023 4210 1162 4277 Tiberio

113 4330 208 4394 Βὴλ.
218 4334 242 4380 et
259 4328 316 4382 Ver.
326 4330 391 4382 Gla.
567 4330 636 4381 ren.
905 4364 909 4372 ·
1071 4325 1098 4386 Α
