2850 4817
512 400 737 453 ruvnunurs.
1089 387 1181 457 12⁰9

78 546 173 623 Atque
186 543 297 603 ntinsrn
312 544 416 604 veteris
429 544 537 605 librarii
552 564 671 607 nanum
685 544 823 607 omnibns
836 546 956 607 omnino
969 546 1045 606 loeis
1053 524 1175 629 'omui

77 638 212 701 nosue
256 642 375 709 Verum,
390 642 490 701 neseio
503 662 572 721 quo.
595 642 671 701 rnslo
684 643 771 721 genio
783 642 896 703 laetum
910 654 967 715 est,
980 654 1013 705 ut
1025 647 1177 725 eremplsr

76 733 142 793 illud
156 736 237 795 nulla
252 746 335 814 parte
357 738 459 797 melius
473 749 560 806 esset,
583 758 670 816 qsrorn
686 758 746 816 qua
758 740 886 817 imperiti
902 741 1018 801 leotoris
1039 741 1131 818 impio
1144 750 1176 801 et

78 830 179 891 infelici
194 834 273 910 stylo
282 852 407 903 erasum,
422 834 575 895 infeliciori
589 838 677 895 etiarn
693 836 808 896 sabino
822 838 1020 909 emendatum,
1032 852 1084 898 eut
1093 857 1178 897 men·

78 924 171 987 datum
185 929 288 1006 potius
300 940 331 989 et
345 931 574 991 contaminatum
590 932 645 991 fult
656 951 670 990 r.
686 932 763 993 adeo
776 942 810 993 ut
823 934 893 993 anibi
902 935 1069 995 recentioris
1084 936 1176 1015 serip-

79 1032 145 1082 turse
158 1026 280 1103 vestig'n
291 1028 376 1103 quasi
390 1037 468 1087 notre
480 1028 651 1107 iudicesque
665 1032 772 1090 luerint
784 1032 822 1091 sd
837 1042 961 1092 veterem
976 1032 1173 1111 indsgandam

77 1129 159 1198 atqoe
171 1124 343 1194 emendam,
367 1144 454 1202 quem
468 1126 594 1203 adjecta
606 1127 713 1204 passim
726 1127 764 1187 ad
784 1139 941 1206 utrumque
956 1130 1113 1207 marginem
1128 1129 1175 1189 iu·

78 1218 292 1294 terpretatioues
313 1220 460 1280 interdum
482 1221 720 1299 suppeditarunt,
742 1242 822 1301 sepe
841 1245 895 1285 nos
914 1238 943 1283 et
964 1227 1036 1303 ipsae
1055 1228 1175 1287 desern-

77 1323 163 1372 erunt.
205 1316 315 1375 Earum
343 1336 430 1395 porro
459 1336 547 1395 quern
574 1321 732 1377 Auctorem
760 1321 930 1380 nominetim
961 1320 1087 1396 laudem,
1114 1342 1173 1384 nou

79 1408 175 1479 babeo,
195 1432 269 1471 eum
284 1413 395 1472 nullum
413 1414 548 1491 preferat
569 1414 665 1474 sodex
680 1416 738 1486 ille,
762 1435 823 1493 quo
837 1419 894 1475 beo
913 1426 995 1494 parte
1010 1420 1054 1477 usi
1073 1438 1175 1480 sumus

79 1506 174 1565 uuicos
201 1528 374 1587 quemqnam
399 1530 457 1569 non
484 1508 587 1587 ignoro
615 1529 634 1568 s
660 1511 808 1590 plerisque
833 1532 891 1570 non
915 1524 1071 1590 postrenum
1094 1524 1174 1575 notre

79 1602 261 1679 scriptoribus
277 1606 381 1665 Probo
404 1606 492 1665 tribui
515 1608 725 1665 commentaria
748 1625 808 1665 non
830 1606 859 1665 iu
880 1608 1053 1667 iuvenalem
1073 1608 1173 1679 modo,

80 1698 124 1757 sod
137 1710 164 1759 et
176 1702 204 1760 iu
219 1704 262 1762 Α.
277 1702 370 1761 Persii
384 1704 502 1781 Satyros
512 1704 572 1773 illa,
587 1723 712 1779 quorum
725 1703 792 1763 bein
806 1721 927 1781 quoque
937 1705 1046 1763 bonam
1061 1714 1174 1783 partem

81 1796 296 1859 emendatiorem
312 1798 426 1871 damus,
449 1800 492 1860 usi
505 1802 594 1860 etiem
613 1802 671 1860 ban
682 1801 711 1859 iu
727 1821 757 1861 re
771 1800 897 1860 oonsilio
911 1800 1090 1879 judicioque
1103 1802 1177 1862 ami·

80 1906 179 1964 summ,
199 1904 292 1974 atque
307 1896 337 1953 in
358 1896 459 1972 primia
478 1896 539 1955 Jos.
554 1896 693 1973 Scaligeri
714 1896 767 1956 viri
782 1895 1029 1973 incomparabilia,
1054 1896 1091 1956 de
1113 1914 1175 1975 quo

81 1988 208 2069 quicquid
223 2002 368 2071 praeterea
388 1990 500 2063 dixero,
523 1992 619 2052 minua
642 1992 707 2052 erit.
751 1994 784 2053 ld
799 2012 870 2051 vero
882 1992 924 2050 illi
941 2010 979 2052 aa
993 2012 1029 2051 ex
1043 2002 1174 2053 veterum

80 2080 206 2147 librorum
231 2088 307 2159 lide,
335 2106 372 2147 en
396 2108 432 2147 ex
456 2089 629 2164 conjectura
657 2088 756 2165 potius
779 2086 898 2157 fociant,
922 2106 982 2146 uon
1006 2088 1079 2148 satis
1101 2088 1175 2149 seio.

81 2178 148 2239 lllud
170 2182 343 2243 dissimilare
366 2200 424 2242 nou
450 2201 582 2260 possum,
608 2180 689 2261 quod
713 2182 874 2261 Berytissss
897 2183 1030 2246 nonnulli
1053 2194 1173 2254 vocant,

79 2270 172 2337 frustm
185 2300 246 2352 eos,
261 2290 294 2341 et
308 2298 412 2359 porum
428 2279 529 2339 critice
544 2280 651 2349 sacen,
668 2278 691 2337 si
706 2278 744 2337 ad
763 2278 907 2338 Voles-lens
922 2278 1056 2338 Probus·
1068 2278 1174 2339 reterre

82 2370 170 2445 velint,
190 2378 278 2455 cujus
295 2378 358 2437 baec
374 2386 492 2436 aetatem
510 2374 585 2435 ferre
599 2376 680 2435 nullo
697 2375 850 2454 privilegio
869 2386 1003 2453 possunt.
1044 2374 1102 2435 Sed
1118 2394 1175 2437 nso

82 2466 173 2530 Ptolo
186 2473 307 2551 quidem
321 2473 363 2532 illi
377 2472 516 2539 tribuam,
536 2490 621 2549 quem
638 2473 742 2550 Lupus
763 2468 864 2531 uoste'r
877 2470 934 2530 sub
955 2472 1066 2531 Kerolo
1080 2470 1175 2531 Calvo

82 2563 147 2645 lup.
165 2569 192 2627 iu
213 2570 383 2629 Germanias
408 2568 483 2628 saltu
508 2569 648 2628 liberales·
665 2569 836 2647 disciplinas
860 2576 1011 2637 tractasse,
1035 2567 1173 2644 Satyron·

80 2660 157 2722 etiam
171 2672 297 2727 tentasse
309 2666 360 2727 sit.
401 2666 477 2727 Nam
492 2677 523 2725 et
535 2648 770 2726 isra‘liseratiorn
785 2672 854 2722 sunt
866 2663 978 2734 saeculi,
993 2672 1024 2722 et
1038 2661 1120 2740 quod
1135 2684 1172 2723 ex

80 2756 165 2819 ‘l'soiti
179 2762 301 2823 historia
316 2763 445 2841 Moysen
460 2772 603 2839 repetunt,
627 2780 738 2831 vereor,
759 2780 797 2819 ne
811 2760 988 2820 sithominis
1007 2758 1175 2820 Christiana

81 2853 203 2933 religione
215 2860 352 2919 noudum
367 2858 482 2920 imbuti.
525 2862 567 2918 At
580 2858 628 2916 illa
642 2876 712 2917 sane
725 2857 764 2917 de
777 2859 871 2917 mois
883 2856 1041 2936 supplicio,
1057 2865 1088 2915 et
1101 2856 1176 2916 Als-

81 2956 195 3015 mete
208 2976 327 3026 nomeu,
347 2956 461 3034 alisque
475 2956 539 3034 ejus
559 2954 671 3035 pneris
690 2954 841 3025 nonnulla,
863 2962 933 3032 post
947 2952 1172 3015 Constantinum

83 3044 211 3125 Magnum
225 3054 334 3132 scripta
348 3072 444 3123 uerno,
461 3053 514 3111 nisi
530 3050 656 3111 bistorioe
669 3050 797 3129 ignarus,
811 3050 970 3131 negaverit.
1013 3051 1077 3127 Ego
1091 3070 1173 3121 vero,

82 3145 152 3218 quod
163 3152 263 3211 ueteris
275 3150 337 3210 lere
348 3152 486 3211 Veterum
497 3150 762 3211 Grammaticorum
774 3148 890 3209 Glossis
899 3156 929 3207 et
939 3146 1173 3218 Commentariis,

83 3235 150 3299 idem
169 3254 198 3303 et
218 3247 285 3307 huic
301 3256 402 3305 nostro
414 3245 571 3305 'accidisse
592 3246 687 3315 rideo,
710 3253 744 3304 ut
757 3262 794 3302 ex
814 3244 970 3302 variorum
984 3241 1116 3315 diverses,
1140 3250 1174 3304 ut

82 3338 172 3411 satu,
190 3344 232 3403 sic
245 3342 418 3403 eruditionis
432 3344 628 3421 interpretum
643 3342 720 3401 notis
732 3338 903 3412 condatum,
925 3339 1059 3400 instaret
1073 3341 1172 3418 ipsum

82 3430 179 3511 satyrae
190 3451 277 3501 esset.
322 3438 401 3511 Quin
419 3448 449 3499 et
462 3440 491 3499 iu
511 3440 632 3518 antiquo
646 3437 806 3517 exemplari
827 3456 905 3515 saepe
919 3456 967 3497 me
985 3436 1025 3496 ab
1039 3437 1123 3497 initio
1135 3458 1174 3499 ex

83 3531 229 3607 marginum
242 3536 421 3605 diversitste,
443 3534 716 3611 interpretationum
735 3533 823 3593 etiam
837 3532 1033 3593 diversitatem
1055 3542 1173 3594 notasse

83 3628 203 3694 nemini:
225 3652 313 3710 qtrsra
336 3642 432 3693 tnmen
451 3634 481 3691 in
504 3632 706 3693 beneditione
727 3639 936 3709 representare
955 3648 1054 3707 neque
1075 3630 1172 3707 potui,

84 3734 174 3797 ¹¹etrus,
195 3729 305 3806 opinor,
327 3728 429 3789 debui.
475 3728 559 3789 l'nlls
573 3737 602 3788 et
625 3728 688 3805 ipse
703 3727 746 3785 vir
766 3724 1002 3803 diligentissimus
1022 3724 1067 3784 sui
1086 3725 1171 3786 nobis

85 3808 165 3877 Prols'
176 3820 337 3901 fragmenta
350 3825 387 3884 ad
411 3827 530 3904 Satyrus
553 3834 664 3885 tantum
684 3822 797 3901 aliquot
811 3842 865 3901 pro
885 3830 977 3901 coptu
990 3832 1080 3899 utque
1094 3819 1172 3879 erbi-

85 3916 151 3971 tmtu
163 3935 215 3978 nuo
228 3923 371 3993 exhibuit,
392 3940 460 4000 quae
483 3931 580 3981 tamen
594 3920 767 3995 adjumento
780 3938 839 3977 noa
859 3918 919 3977 lesi
931 3916 1080 3994 plerisque
1097 3916 1172 3973 locis

85 4002 195 4083 tireruut,
217 4034 289 4093 quos
308 4038 345 4076 er
360 4016 414 4076 illis
437 4018 483 4076 vel
497 4014 725 4086 emendavimus,
750 4015 795 4073 vel
814 4013 1027 4091 supplevimus,
1051 4010 1172 4087 adjecta

85 4100 161 4183 etiam
174 4128 224 4169 sua
237 4114 343 4191 cuique
362 4122 441 4183 nota,
465 4112 545 4191 quod
570 4112 634 4171 heic
648 4112 687 4171 ab
709 4110 807 4189 operis
820 4106 1048 4188 praetermissum
1072 4106 1171 4169 video.

87 4194 179 4265 ceren
202 4209 296 4283 omnis
319 4231 355 4271 ex
379 4200 479 4284 nostro
503 4210 554 4273 illo
583 4208 670 4273 uulso
696 4205 868 4286 exemplari,
892 4223 952 4265 oon
973 4202 1036 4265 sine
1066 4222 1171 4283 magno
