2850 4817
534 434 673 485 Sd'l'lRA
700 434 727 483 l.

37 576 202 645 Mobile
216 573 380 657 colliseris,
393 576 539 660 petronii
553 576 681 643 frustm
694 574 816 642 ocello.

42 679 136 745 Hic
152 698 266 763 neque
280 698 371 743 more
384 679 493 760 probo
507 676 623 743 ridens
638 696 746 763 usquo
757 696 844 743 roco
858 694 974 742 sordue
992 735 997 745 .

43 781 231 864 Ingentes
246 780 413 865 trepidare
427 780 537 858 litos,
552 800 629 845 oum
644 778 952 845 oermiuslumbum
1130 776 1175 842 2⁰

45 880 945 966 Intraucotusmuloscalpuuuuubiimiwsrsu.
1118 901 1121 908 ·

49 1108 338 1161 mnenon.
372 1080 1185 1190 remotarumque-memorem&

50 1174 269 1292 mum
284 1174 690 1305 murone..
697 1177 1176 1307 emmenum

537 1400 715 1423 mn

574 1826 682 1881 NOTAE

65 1937 153 1973 csuss
175 1922 393 1974 eousocsbsutor.
432 1922 501 1975 Vide
523 1924 605 1975 ldsrt.
647 1924 753 1991 epponi,
773 1924 819 1977 slt.
860 1921 1029 1973 Adhibebsnt
1049 1926 1179 1987 pretereo

65 1998 229 2064 enemo.
240 2005 268 2050 et
276 2012 303 2049 ι.
311 2003 352 2050 ιι.
369 1998 438 2050 Plln.
446 1998 606 2065 inEplstolls
647 2006 799 2051 ornaments
819 1998 937 2065 eorporis
960 1998 1039 2063 ssric,
1061 2005 1091 2048 ιι
1116 1998 1179 2049 inde

65 2074 180 2139 possim,
187 2080 217 2124 ut
226 2074 244 2125 l
252 2088 284 2126 ιι.
295 2076 378 2139 Epist.
387 2080 428 2125 lu.
439 2076 457 2125 l.
467 2090 508 2127 ιι.
519 2076 605 2140 Epist.
646 2074 795 2127 recitstioui
805 2075 929 2140 splendor
939 2074 1088 2126 accederet.
1100 2074 1179 2127 Quod

68 2154 115 2201 st.
132 2150 410 2201 luculentissimeverc
430 2152 510 2201 l.vrr.
523 2152 606 2216 Epist.
646 2152 757 2203 inuuunt
779 2151 886 2202 Persius
907 2150 972 2201 iric:
999 2149 1132 2201 Plutsrclu
1152 2150 1180 2200 iu

69 2232 117 2278 17.
138 2228 201 2277 etl.
220 2240 280 2277 run.
300 2226 383 2291 Epist.
398 2230 438 2277 12.
472 2226 607 2279 Juveuslis
647 2226 791 2293 Pompelo:
809 2228 909 2278 Senem
919 2228 969 2293 Ep.
980 2231 1038 2279 llt.
1063 2226 1180 2279 Mutisl.

70 2310 166 2355 sutem
175 2302 289 2355 sumu.
300 2302 483 2369 docetqusuto
493 2303 518 2354 id
527 2302 608 2354 liebst
648 2304 697 2369 Ep.
707 2318 748 2354 ιν.
758 2308 800 2355 tl.
816 2308 845 2353 et
854 2317 892 2354 rr.
904 2308 945 2354 41.
976 2304 1045 2354 Vide
1056 2309 1084 2353 et
1093 2303 1181 2369 Apell.

74 2384 219 2445 sppsrstu:
245 2379 307 2429 ‘dt
328 2380 350 2431 si
372 2378 510 2431 dulcedine
531 2378 607 2429 sema
648 2392 688 2429 ιι.
703 2382 729 2431 s.
745 2379 791 2430 ubl
808 2379 934 2443 reperies,
949 2379 1059 2443 digitum
1077 2379 1180 2442 munio,

73 2456 223 2507 Succensus
244 2456 348 2519 recites,
366 2456 518 2506 Meculouus
539 2470 607 2507 cotu-
647 2462 730 2520 csput
740 2456 854 2520 pellicio,
864 2468 938 2505 sures
954 2453 1109 2517 ligsrneutis,
1125 2452 1181 2503 ssu·

74 2530 264 2583 modstedes!
299 2531 334 2581 Et
351 2531 428 2597 poulo
444 2541 516 2597 post:
535 2530 609 2581 ‘Scit
648 2532 801 2583 cesseliere
817 2545 866 2582 ceu
875 2529 1079 2580 leuseuorusrl:
1097 2543 1179 2593 pexos

76 2604 608 2671 derelibertosexuemslnpsrtescdeo-
649 2608 728 2659 etism
755 2608 872 2672 cupidos,
899 2613 973 2671 togas
1004 2612 1124 2657 recentes
1152 2612 1181 2656 st

77 2690 121 2735 tes
133 2682 247 2746 Ordinis,
264 2690 292 2732 et
302 2697 408 2747 msguss
425 2682 547 2732 comitum
559 2681 608 2731 dis-
648 2682 806 2748 splendidae.

77 2772 175 2825 ponere
193 2772 278 2809 seces.
312 2756 395 2807 Nemo
416 2756 489 2807 dubit
507 2757 608 2821 Regum
681 2759 814 2823 Plusssste]
853 2759 896 2810 Ad
912 2757 1059 2811 leniendum
1078 2772 1180 2826 rocem,

80 2834 168 2901 quanti
190 2832 314 2883 subsellis
339 2838 467 2895 constent,
494 2830 529 2881 Et
549 2846 608 2896 quo
649 2837 845 2901 suavioremque
856 2832 1008 2886 fodendum.

79 2908 206 2961 conducto
227 2908 342 2973 peudcut
361 2908 503 2957 snsbutlrrs
515 2906 608 2971 tigillo,
680 2916 713 2964 ιθ
729 2910 857 2974 Puto-sets]
891 2913 1001 2963 Pstrsre
1018 2912 1123 2977 proprie
1140 2918 1182 2963 est

81 2986 196 3050 Quaque
217 2982 379 3049 reportandis
399 2983 486 3047 poslts
506 2989 547 3034 est
568 2997 609 3033 or·
648 2988 800 3039 παιδοποιεῖν.
832 2986 911 3037 Unde
922 2987 964 3037 hic
982 3002 1029 3052 pro
1040 2987 1180 3039 libidluoso

82 3061 181 3111 chestre
207 3058 354 3109 cuthedris!
403 3060 444 3109 Ex
472 3058 510 3109 luis
535 3065 611 3124 putet
649 3062 1045 3129 sspectusPersiousurpstur.

83 3135 240 3186 consuevisse
259 3134 610 3200 reciteturossuisimpeusis
682 3144 716 3190 10
735 3138 795 3203 Hic]
827 3138 861 3189 Id
873 3146 923 3202 est,
934 3138 962 3189 iu
978 3138 1028 3189 illis
1047 3140 1182 3192 recludo

84 3227 172 3265 orustc
182 3211 349 3275 auditorium,
368 3210 490 3263 subsellis
508 3212 609 3263 audito·
648 3212 735 3265 nibus.

84 3288 160 3353 ribus,
177 3288 225 3339 sibi
246 3302 308 3337 vero
323 3289 452 3353 pulpitum
473 3300 502 3340 es
519 3289 609 3340 sedern
682 3290 765 3354 Nque
784 3303 839 3339 oocs
858 3290 953 3355 sercss]
983 3288 1182 3344 Acclsmstioue

86 3364 215 3417 sublimem
230 3364 378 3429 disponere.
410 3365 484 3416 Idem
499 3366 610 3417 hebetur
649 3363 765 3416 confuse.

86 3454 118 3489 ex
136 3438 244 3502 Diulogc
260 3438 293 3488 de
311 3440 478 3490 Orstoribus:
497 3440 551 3491 ‘Et
567 3440 611 3491 do·
681 3444 714 3491 20
733 3440 872 3504 stupidm]
904 3440 1064 3493 Exhibeude
1079 3440 1182 3495 tectus

85 3529 152 3569 muro
172 3520 312 3575 mutuetur,
334 3520 362 3563 et
387 3514 542 3565 auditorium
567 3531 611 3566 es·
649 3522 677 3567 et
699 3517 893 3581 spprobstlouls
913 3530 1001 3568 muse.
1034 3516 1129 3570 Horat.
1153 3518 1181 3569 iu

87 3592 169 3655 struit,
178 3598 206 3641 et
217 3590 340 3641 subsellis
351 3591 484 3655 conducit,
499 3599 528 3642 et
538 3591 611 3643 libel·
648 3596 713 3643 srts.
730 3592 839 3656 ‘Ssiiet,
851 3592 946 3643 tundet
955 3592 1022 3658 pede
1033 3593 1148 3645 terrem?

88 3665 611 3731 ludiswstc'qnibmnempeinvitentur
683 3664 762 3730 Titos]
795 3666 869 3719 meti
885 3673 945 3719 sunt
954 3668 1010 3719 Titi
1019 3670 1120 3720 nobiles
1130 3668 1182 3721 lto·

88 3742 202 3795 sudlturi.
233 3740 301 3791 Vide
322 3740 392 3791 Plio.
402 3742 486 3806 Epist.
495 3756 514 3792 ι.
526 3747 565 3793 ιι.
583 3748 611 3793 et
650 3742 720 3793 rusui
738 3758 754 3792 s
769 3740 829 3793 'lito
845 3744 931 3808 Turio,
941 3745 1118 3797 velstueudo
1128 3746 1181 3799 Iu·

90 3832 121 3871 ιι.
131 3822 167 3870 li.
199 3818 287 3883 Atque
297 3823 326 3867 ut
335 3814 523 3881 frequentiores
538 3818 610 3868 edes·
651 3820 735 3885 perio.

91 3899 146 3947 seut
159 3894 295 3956 suditorcs,
312 3892 396 3958 pretio
414 3894 492 3942 etism
509 3907 612 3943 munus·
683 3892 910 3960 landuinum]
942 3894 1182 3947 Exciundolibidl·

91 3970 150 4022 culis
169 3969 337 4035 cogebantur.
372 3968 466 4019 llorst.
488 3968 515 4018 iu
535 3968 612 4032 Arte,
651 3972 889 4037 nem,cujussedes
899 3970 1094 4021 estiuluurbis:
1113 3970 1181 4038 quod

91 4048 142 4098 ‘Ut
160 4060 246 4111 preco
266 4046 299 4097 sd
320 4060 418 4096 merces
446 4046 548 4096 turbem
567 4047 610 4113 qui
651 4044 753 4097 fuciunt
764 4046 878 4097 obsceni
889 4060 987 4097 semus.

92 4124 157 4188 cogit
166 4122 294 4185 emendes,
305 4120 568 4187 Asseutstoresjuloet
578 4122 611 4173 sd
684 4126 716 4173 ιι
733 4122 852 4185 M]
867 4122 1058 4173 Treruulsrocs
1069 4136 1181 4189 prouuu·

93 4200 183 4255 lucrum
193 4200 231 4249 ire
243 4198 346 4250 Podts!
369 4200 405 4251 Et
416 4198 522 4251 Persius
533 4201 612 4264 psulo
652 4198 751 4267 tlsudo,
762 4206 791 4251 ut
800 4199 901 4250 mollior
909 4198 945 4250 sit
955 4210 1040 4251 soum.

95 4282 156 4345 post,
175 4277 261 4329 triten
280 4276 412 4329 lscerusn
437 4274 503 4342 deri,
524 4290 613 4328 suneu

503 4376 519 4407 ἱ
