2850 4817
305 402 484 465 rtonrnns,
510 400 560 451 nr
578 402 780 451 scuranum
805 404 971 453 caunas.
1171 392 1196 455 ὅ

56 544 204 625 amico,
227 566 328 629 quam
350 548 507 629 magistro
530 564 611 611 usus
634 552 697 612 est.
743 546 882 613 Amicos
904 549 1020 614 habuit
1041 568 1064 613 a
1085 530 1194 633 pr'imu

57 649 311 713 adolescentia
346 647 493 712 Cresiurn
523 650 711 723 Bassum,¹⁰
741 656 776 713 ct
811 647 979 715 Annamm
1009 650 1191 729 Lucanum,

58 770 175 833 quem
192 770 256 832 per
279 748 462 814 Cornutum
487 757 697 831 cognoverat,
717 749 848 833 podius,
870 770 1012 834 quorum
1034 752 1090 815 illc
1112 752 1191 836 lyri-

59 870 165 927 cum,
182 852 242 915 hic
257 852 389 933 epicum
405 849 548 933 poeseos
562 868 665 931 genus
685 857 820 914 secutus
837 858 900 916 cst.
945 852 1027 916 Erat
1041 852 1191 932 Persius,

60 960 103 1017 ut
130 954 291 1017 auctoris
315 954 388 1037 rjus
411 955 489 1017 ritas
514 952 623 1015 verbis
647 958 734 1029 utar,
759 958 910 1017 ‘monim
935 956 1192 1035 lenissimomm,

63 1056 254 1137 virginalis
269 1054 336 1119 ierc
350 1054 573 1132 verecundiae,
587 1056 703 1119 formae
719 1056 879 1138 pulchrae,
894 1076 1101 1141 summaequc
1122 1058 1193 1141 pie·

63 1158 155 1220 tatis
171 1157 213 1219 in
227 1162 374 1232 matrem,
390 1174 548 1231 sororem,
564 1161 597 1219 et
610 1154 768 1219 amitam?
801 1154 1054 1221 Accuratiorem
1064 1165 1191 1225 naturas

63 1258 149 1341 ejus
177 1264 281 1341 atque
306 1258 427 1321 indolis
452 1259 629 1340 imaginem
648 1260 684 1321 in
708 1259 855 1341 scriptis,
878 1278 954 1341 quat
973 1258 1118 1341 reliquit,
1132 1279 1192 1323 ex·

64 1378 234 1441 pressam
262 1361 426 1437 ridemus,
450 1360 667 1424 viridissimis
693 1362 791 1443 quasi
821 1360 987 1423 coloribus
1014 1360 1191 1443 depictam,

67 1462 177 1545 cujus
192 1462 435 1545 pulchritudine
454 1463 587 1525 accensi
604 1462 658 1525 rcl
676 1461 771 1524 inviti
786 1462 933 1543 cogimur
952 1462 987 1524 in
1004 1460 1134 1543 judicio
1149 1462 1191 1526 de

69 1562 196 1626 satiris
219 1566 291 1648 ejus
308 1563 443 1627 serendo
464 1560 500 1625 id
523 1564 637 1644 potius
657 1566 820 1645 spectare,
841 1560 931 1643 qnod
950 1562 1111 1644 perticere
1128 1582 1190 1647 po·

68 1665 214 1741 tuisset,
240 1668 268 1731 si
288 1668 341 1729 rel
364 1664 505 1748 aequion·
525 1662 635 1728 Musis
651 1670 800 1747 tempore
820 1664 971 1739 vixisset,
990 1664 1044 1727 rel
1062 1665 1191 1747 longior

72 1774 165 1829 aetas
182 1768 215 1829 ei
235 1768 472 1851 suppetivisset
487 1765 529 1827 ad
549 1784 590 1829 ca
610 1765 777 1847 potienda,
795 1784 870 1848 qua
891 1767 975 1829 satis
991 1766 1127 1849 pulchre
1141 1769 1189 1829 in·
1214 1778 1218 1790 “

72 1866 269 1945 ehoarerat,
286 1886 385 1951 quam
402 1866 569 1951 juveniles
590 1866 665 1929 illos
686 1873 826 1952 conatus
846 1866 890 1931 ad
908 1887 1041 1931 severas
1056 1869 1190 1933 critices

74 1969 215 2051 regulas
229 1970 373 2051 exigere.
418 1968 481 2032 Fst
503 1986 582 2031 sanc
601 1967 690 2051 quod
711 1968 875 2045 miremur,
898 1975 1025 2033 tantam
1047 1970 1192 2051 gravita-

74 2074 143 2133 tem
159 2074 194 2133 et
208 2072 429 2136 constantiam
454 2070 489 2133 in
504 2068 625 2153 juvenc
647 2072 830 2151 praesertim
845 2072 1011 2155 locuplete
1023 2071 1139 2150 inisse,
1153 2078 1190 2137 ut

76 2192 194 2235 omnes
208 2172 411 2255 voluptates
427 2172 562 2254 quibus,
578 2190 622 2233 ex
642 2172 733 2235 illius
755 2174 865 2239 utnhs
878 2174 1045 2257 opinione,
1061 2176 1114 2238 vel
1129 2176 1188 2239 ho·

77 2280 171 2337 ncste
189 2272 253 2337 srui
275 2274 450 2355 potuisset,
466 2272 639 2355 respuerit,
655 2278 783 2337 tantum
806 2276 934 2338 virtutis
954 2274 1188 2339 ethonestatis

78 2374 241 2451 ardorem,
257 2393 410 2456 quocum
425 2375 544 2455 quavis
560 2372 683 2455 pagina
694 2374 866 2456 abreptum
880 2374 1045 2451 ridemus,
1060 2382 1186 2439 tantam

81 2478 290 2542 severitatem
305 2478 439 2543 inomni
458 2476 596 2541 mollitie
618 2476 812 2559 castiganda
825 2480 1037 2561 moribusque
1049 2478 1188 2543 etloemi·

80 2582 168 2643 nutis
185 2580 303 2644 acerbe
317 2580 481 2655 notandis,
496 2585 533 2644 nt
553 2579 728 2642 barbatum
750 2580 892 2661 aliquem
910 2600 954 2642 ex
974 2581 1094 2662 priscis
1116 2578 1187 2643 Ro·

82 2683 188 2745 manis
201 2682 370 2745 existimes
385 2681 509 2745 audire.
555 2678 656 2757 Quod
673 2684 783 2745 autem
799 2680 942 2743 maxime
955 2678 1059 2743 nosci
1074 2678 1186 2743 conci-

83 2782 152 2858 liat,
168 2788 217 2847 est
236 2784 367 2865 pietatis
381 2802 510 2860 sensus,
530 2801 628 2865 quem
649 2800 728 2865 erga
745 2780 926 2846 Cornutum
945 2786 1187 2865 praeceptorem

84 2884 239 2962 declarat,
255 2892 321 2949 tant
338 2886 497 2950 candidus
511 2890 544 2949 ct
557 2884 745 2961 vehemens,
764 2890 801 2947 ut
823 2882 963 2966 quisquc
980 2882 1185 2947 animadver-

84 2992 141 3062 tat,
164 2988 196 3049 in
215 2988 263 3050 rei
283 2988 508 3069 magnitudine
531 2986 640 3052 verbis
662 2985 871 3069 assequenda
889 3004 966 3047 eum
985 3002 1184 3066 magnopere

86 3088 280 3167 elaborasse,
296 3108 358 3152 nec
374 3096 483 3153 tumen
499 3088 565 3151 sibi
581 3088 665 3152 satis
682 3088 816 3151 secisse.
861 3086 995 3163 Quibus
1008 3086 1184 3149 virtutibus

87 3189 258 3253 instructus
285 3188 496 3271 dignissimus
521 3208 602 3253 sane
629 3188 691 3253 fuit
715 3189 864 3251 amicitia
887 3191 921 3250 ct
949 3184 1185 3249 cousuetudine

89 3290 170 3353 l'oeti
192 3290 385 3371 Thraseae,¹¹
411 3290 530 3355 smnmi
557 3296 591 3356 ct
616 3288 795 3355 clarissimi
817 3288 895 3366 viri,
918 3306 1062 3370 quocum
1085 3288 1184 3351 ctiatu

574 3530 679 3581 NOTAE

120 3685 147 3731 1⁰
162 3682 199 3729 De
209 3680 257 3729 boc
268 3680 327 3731 ride
338 3696 395 3747 qtrm
407 3690 497 3733 notate
506 3690 566 3735 sttut
577 3685 610 3735 ad
651 3690 729 3748 atque
740 3682 780 3732 vir
789 3680 901 3745 antiqua
910 3680 986 3742 piane
998 3680 1135 3731 uirtutisct
1146 3682 1184 3729 iu·

89 3760 138 3808 Sal·
149 3770 183 3805 rt.
652 3768 693 3811 ter
704 3766 745 3807 tot
759 3758 950 3821 abjectissimos
967 3757 1080 3806 Neronis
1095 3754 1183 3805 adula-

123 3838 146 3882 ll
161 3834 281 3891 thraseas
290 3834 379 3883 l’utus
390 3834 542 3884 Patavium.
559 3836 610 3885 Tu·
651 3842 721 3883 tores
731 3834 801 3883 solus
811 3840 913 3881 erectus
924 3839 951 3880 ct
964 3840 1096 3888 constans,
1105 3831 1184 3879 intre·

91 3910 130 3959 cit.
141 3908 266 3957 Annaei,
275 3914 316 3958 at.
327 3911 415 3959 Gener
424 3910 609 3963 Caeiual‘ati
650 3911 726 3975 pidns
739 3917 767 3958 et
779 3909 876 3971 gravis,
891 3917 1004 3970 notaque
1021 3907 1183 3955 humanitate

92 3994 117 4037 ct
128 3986 210 4045 Arria,
218 3987 350 4050 dequibus
362 4004 385 4037 ι.
399 3988 515 4037 llartial.
526 4000 544 4037 t.
554 3994 607 4051 lt.;
649 3996 675 4037 ct
696 3987 844 4037 clementia.
876 3984 946 4033 Plio.
966 3984 1050 4045 Epist.
1063 3994 1124 4029 ιἰιι.
1141 3986 1182 4031 22.

93 4064 152 4117 Ptin.
168 4064 247 4125 lipirt.
266 4077 309 4113 ιιι.
323 4069 377 4113 la:
405 4065 456 4113 Dio
473 4064 545 4113 Cass.
563 4078 606 4117 cx.
647 4068 670 4113 ³.
705 4063 732 4112 la
749 4061 847 4112 Neroni
864 4056 1182 4120 invisusobmultasm,

95 4146 128 4191 iti.
156 4142 214 4190 Erat
226 4140 330 4189 Stoicus
341 4148 369 4191 ct
380 4141 522 4193 admirator
530 4142 607 4191 Cato·
647 4140 780 4202 praecipue
792 4137 826 4185 oh
837 4136 992 4185 senteutiam
1008 4132 1042 4181 dc
1059 4132 1181 4185 Antistio.

94 4220 128 4267 nis
138 4218 265 4281 Uticensis,
279 4218 351 4282 cujus
368 4218 446 4271 vitam
459 4216 608 4283 scripserat,
645 4218 730 4267 l'acit.
742 4217 759 4265 Ι.
769 4230 793 4265 c.
806 4228 864 4265 ιιι.
875 4216 917 4263 48.
941 4213 1040 4263 ‘l'rmcn
1057 4212 1180 4265 virtutem
