2850 4817
221 316 314 392 1100
571 336 765 395 nscsnsus
791 336 1006 394 snsrsouurr

225 478 311 541 stulti
335 481 478 543 bonarum
491 480 596 543 artium
620 484 745 545 studiosi
757 504 878 561 operans
890 484 1052 563 posuerint,
1068 480 1125 561 qni
1138 492 1235 543 tanes
1250 480 1341 561 iqe·

224 592 283 635 nuc
299 574 404 635 luerint
419 576 553 654 professi,
575 599 607 639 se
621 580 713 641 multa
727 600 786 639 sson
799 591 945 641 mneos
970 580 1016 639 vel
1038 578 1174 639 carminis
1195 578 1343 640 obseasi·

226 680 297 741 tate,
319 672 364 731 vel
389 684 550 751 temporum
574 676 774 753 ignorationes
794 678 855 735 siue
877 677 1040 754 arrogantia
1055 686 1156 735 autern
1168 675 1290 735 dictu·
1305 694 1344 735 se

227 766 312 837 velle,
334 769 424 827 multa
438 770 467 827 in
483 772 595 850 Satyris
618 772 699 831 lsisce
726 774 892 832 latinorum
907 774 1143 849 Graecorumque
1155 772 1345 833 auctoritate

227 860 400 923 confirmans
422 884 452 923 se
476 867 651 944 explicasse,
667 886 736 945 qne
749 868 799 927 alii
812 868 994 947 gravioribus
1006 868 1114 927 studiis
1125 870 1271 946 occupati
1285 888 1345 929 sse·

227 957 378 1035 gleserint,
399 972 429 1019 et
444 962 526 1020 multi
540 963 684 1023 literarum
700 964 822 1024 studiosi
834 964 909 1026 scire
932 983 1108 1043 magnopere
1129 964 1343 1041 expetierint:

227 1071 323 1131 neque
336 1054 363 1113 id
380 1056 457 1117 iniis
474 1068 596 1129 tanturn,
619 1079 686 1137 qum
700 1058 878 1138 quotidianis
889 1058 1135 1137 disputationibus
1150 1058 1241 1137 quari
1259 1060 1347 1119 sole-

226 1159 308 1221 rsnt;
331 1150 381 1211 sed
395 1164 424 1213 et
439 1154 587 1233 pleraque,
610 1175 678 1233 quse
692 1156 739 1216 vel
763 1154 890 1215 historias
914 1156 1068 1216 involucro
1086 1156 1184 1216 adbuc
1195 1155 1344 1224 laterent,

227 1247 272 1307 sel
288 1246 412 1326 figurata
427 1253 589 1313 elocutione
603 1252 756 1313 remotiora
769 1264 876 1323 essent,
896 1272 965 1331 quse
985 1264 1082 1313 tamen
1104 1272 1159 1331 pro
1177 1252 1298 1329 apertis
1309 1262 1346 1312 et

227 1346 367 1423 expositis
398 1348 427 1407 in
456 1350 606 1409 hominum
630 1348 799 1428 opinionem
822 1361 943 1428 recepta
966 1350 1107 1409 inissent:
1118 1388 1125 1398 ·
1137 1358 1284 1427 preterea
1308 1368 1345 1408 se

228 1442 353 1505 subinde
376 1464 434 1505 non
453 1445 515 1505 sine
530 1446 642 1507 ratione
656 1448 694 1507 ab
708 1448 829 1509 aliorum
845 1446 1082 1525 interpretatione
1095 1446 1260 1506 discessisse
1275 1468 1286 1516 3
1310 1456 1346 1506 et

227 1536 354 1619 denique
367 1540 404 1601 de
419 1542 452 1601 iis
465 1544 548 1612 locis,
571 1562 638 1620 quse
661 1543 760 1603 adlsuc
783 1543 812 1601 in
835 1541 1047 1619 disceptatione
1063 1552 1221 1613 versentur,
1244 1562 1283 1600 ae
1297 1542 1345 1601 ita

228 1634 401 1712 disputasse,
426 1650 459 1697 ut
480 1638 565 1697 labor
589 1649 709 1698 suaset
733 1617 934 1713 ignorabtibus
948 1636 1026 1696 utilis
1039 1636 1078 1695 sit
1091 1637 1216 1708 iuturus,
1237 1648 1273 1697 et
1293 1638 1342 1709 iis,

229 1731 281 1808 qui
295 1732 399 1793 eadem
415 1733 543 1793 habeant
556 1732 681 1809 cognite,
704 1733 824 1811 probari
838 1732 951 1811 possit!
991 1731 1149 1791 &iussero

390 1875 469 1945 Quid
485 1874 605 1953 dignum
622 1884 704 1935 tauto
719 1876 785 1937 tulit
799 1876 846 1935 uic
861 1878 1022 1955 promissor
1035 1876 1140 1938 biatul

388 1972 555 2033 Parturiunt
570 1983 702 2033 montes:
725 1983 859 2035 nascetur
871 1974 1012 2034 ridiculus
1027 1996 1099 2034 mus.

229 2132 311 2193 Pleni
335 2144 415 2196 certe
437 2145 505 2196 sunt
528 2140 732 2199 commentarii
753 2141 819 2219 ejus
842 2140 948 2219 ineptis
968 2138 1125 2209 erroribus,
1146 2138 1344 2217 etymologiis

229 2240 259 2291 et
273 2232 403 2310 argutiis,
424 2232 510 2292 etism
525 2234 554 2291 in
570 2235 726 2295 nouissima
739 2256 838 2296 eorum
849 2238 1017 2295 recensione
1031 2235 1223 2304 Heusiniana;
1243 2233 1344 2309 cujus

228 2324 325 2387 editor
349 2329 440 2387 multa
464 2337 560 2389 tamen
583 2330 622 2389 ab
636 2350 671 2389 eo
687 2350 837 2409 perperam
847 2333 898 2391 'vel
911 2340 1020 2409 praeter
1032 2348 1094 2389 rem
1108 2329 1187 2389 dicta
1199 2330 1343 2389 resecuit.

118 2480 120 2485 ,
230 2424 317 2501 Saepe
341 2424 445 2486 refellit
464 2426 587 2486 aliorum
601 2428 823 2505 explicationes,
839 2448 893 2487 uec
906 2427 1040 2487 meliores
1054 2426 1215 2486 substituit.
1256 2423 1344 2485 lnde

230 2520 358 2599 colligas,
375 2522 439 2601 jam
461 2531 525 2583 tuns
548 2524 686 2603 temporis
712 2524 821 2584 multos
834 2524 973 2595 extitisse,
995 2521 1231 2616 quixJuvenslem
1245 2520 1345 2581 iuter·-

230 2618 340 2695 pretsri
352 2628 538 2692 couterentur,
560 2620 641 2701 qnod
664 2620 751 2681 etiam
766 2642 802 2680 es
817 2620 915 2681 verbis
928 2620 1060 2691 Domitii,
1083 2619 1174 2678 ruodo
1185 2618 1343 2695 ascriptis,

229 2711 418 2793 intelligitur:
440 2718 494 2777 nisi
509 2718 608 2795 potius
624 2720 687 2778 hmo
702 2718 887 2795 potissimum
902 2716 940 2776 ad
956 2716 1082 2776 Glossas
1095 2714 1342 2775 membranarum

230 2818 373 2885 spectant,
395 2812 534 2890 equibus
548 2822 608 2872 tam
624 2814 799 2884 Domitium,
820 2834 907 2893 qnam
923 2812 1133 2873 Mancinellum
1147 2806 1345 2872 et'Britanni-

231 2922 310 2975 curn,
332 2905 424 2967 mults
448 2908 537 2967 tacite
559 2908 709 2987 descripta
730 2911 762 2969 in
785 2930 845 2971 sens
867 2929 948 2970 suam
974 2908 1162 2977 convertisse,
1182 2928 1219 2969 es
1234 2926 1288 2969 usu
1305 2918 1342 2968 et

231 2999 354 3063 leetiom
367 3022 467 3065 esruns
481 3005 615 3084 cognovi.
659 3006 841 3067 Nominatim
854 3026 923 3067 vero
937 3006 1046 3084 passim
1067 3004 1206 3064 refutavit
1218 3004 1343 3065 Tortel·

231 3094 312 3171 lium,
333 3108 363 3160 et
385 3100 414 3161 in
436 3101 536 3181 primis
560 3101 710 3181 Angclum
725 3102 866 3164 Sabinum
879 3102 1067 3171 Tarsensem,
1088 3100 1118 3160 in
1143 3120 1231 3180 quem
1253 3118 1342 3160 aser·

231 3190 304 3254 rime
317 3215 527 3277 nonnunquam
550 3200 705 3271 invehitur,
729 3201 811 3263 utin
834 3201 899 3278 ejus
923 3208 1136 3277 preceptorem
1154 3197 1184 3256 in
1198 3196 1340 3275 singulari

232 3286 343 3363 libello,
364 3294 587 3357 Commentariis
611 3297 754 3367 subnexo,
775 3298 825 3357 cui
838 3296 940 3357 titulus
948 3305 1012 3355 est:
1035 3293 1182 3372 Defensio
1195 3293 1340 3355 mansas

234 3386 402 3449 Brotieass
426 3390 656 3454 manmena
677 3392 731 3467 (its
753 3412 822 3453 eum
844 3391 992 3470 appellere
1015 3390 1102 3461 solet,
1133 3399 1167 3449 nt
1190 3390 1338 3451 Sabinum

233 3480 433 3557 tuenstuens,
456 3504 523 3547 usus
537 3488 663 3559 nomine,
676 3506 738 3566 quo
752 3488 895 3551 Martialis
908 3485 1057 3565 quendam
1067 3506 1200 3546 uersuum
1214 3501 1338 3547 snorura

232 3576 405 3657 plagiarium
430 3582 573 3657 traduxit)
605 3584 845 3645 cannabum·
873 3584 1152 3645 camerancensi
1176 3584 1338 3644 Martialis

233 3693 298 3739 m
318 3681 563 3741 reminsiaatiosse.
605 3682 681 3742 Usus
704 3682 793 3741 etism
814 3692 859 3741 est
879 3680 1036 3741 codicibus
1058 3680 1186 3759 scriptis,
1207 3698 1336 3758 quorum

233 3784 331 3835 tamen
357 3794 452 3854 neque
476 3794 637 3849 numerum,
658 3796 756 3856 neque
769 3778 896 3837 indolem
909 3765 1089 3835 declaravit:
1108 3786 1201 3854 atque
1214 3776 1334 3836 omnino

234 3872 337 3933 sanlius
361 3873 513 3933 meruisset
537 3872 575 3933 de
594 3873 694 3947 literis,
716 3875 772 3934 uisi
790 3884 967 3954 praematura
978 3872 1106 3933 nominis
1117 3870 1284 3944 celebritas,
1305 3882 1336 3933 et

235 3966 334 4041 nimis,
354 3967 515 4040 indenata,
536 3980 598 4029 tum
622 3971 759 4049 superbia
780 3970 942 4040 etiusidia,
964 3978 1027 4029 tons
1040 3967 1186 4028 festinatio
1198 3976 1231 4026 et
1243 3966 1335 4027 sanita

228 4062 383 4125 wubenu
407 4066 519 4146 cupido
541 4064 645 4127 studiis
664 4066 731 4145 ejus
752 4066 911 4138 offecisset,
931 4075 963 4126 et
986 4065 1067 4143 prius
1092 4072 1223 4122 mortuus
1246 4073 1332 4137 esset,

234 4178 326 4243 quem
347 4180 465 4239 precox
486 4164 551 4243 ejus
575 4162 722 4244 ingenium
745 4161 783 4223 sd
802 4162 916 4242 justam
929 4161 1106 4241 pervenisset
1125 4156 1331 4221 maturitatem.

235 4256 329 4321 Recta
340 4254 379 4325 de
391 4276 428 4317 en
440 4258 569 4323 Cnosius
582 4260 651 4325 tono
664 4274 753 4341 supa
765 4257 887 4319 laudato
895 4255 1061 4335 judicarits
1082 4255 1172 4314 ‘Non
1186 4272 1233 4315 rna
1246 4254 1329 4337 nqis,
