2850 4817
472 370 476 380 ·
560 342 710 397 sirini·
724 348 751 397 1.

36 492 171 558 Sunt
188 510 278 575 quos
292 490 528 575 Pacuviusque
541 496 575 555 et
586 510 763 557 verrucosa
773 496 918 557 noratur

42 593 251 676 Antiopa,
267 592 409 655 munais
423 614 476 655 cor
495 590 692 675 luctfieqdile
701 590 806 677 fulto.

54 694 165 759 Hos
182 696 300 785 pneris
312 696 454 758 moninus
469 699 581 777 patres
595 694 765 774 iniqndere
781 696 897 777 lippos

60 796 177 860 Cum
194 795 321 870 uidene,
337 796 516 877 quaerisne,
523 794 612 859 unde
625 794 698 859 baec
714 804 848 877 sartago
861 796 1020 877 loquendi
1147 798 1195 864 80

60 898 231 961 Venerit
244 898 276 960 in
289 898 444 984 lingrrass
468 897 553 961 nude
566 898 655 961 istud
669 896 826 973 dedecus,
842 898 875 961 iu
889 916 957 981 quo

61 998 277 1063 Trossulns
289 998 433 1065 exsultat
446 998 506 1063 tibi
521 1019 580 1083 por
594 998 875 1083 subsellialevisl

67 1100 194 1163 Nilne
207 1099 320 1183 pudet,
336 1102 439 1185 capiti
454 1120 518 1165 non
532 1118 633 1183 posse
645 1102 794 1183 pericula
807 1119 892 1164 cano

67 1314 143 1373 gius
154 1312 230 1363 Aeeii
242 1314 330 1365 lli-issi.
363 1316 593 1381 Medorepesissisr
601 1318 727 1378 borsines,
737 1318 906 1381 qsosdetisest
918 1318 1043 1378 Pseseias,
1057 1322 1084 1367 et
1092 1317 1198 1381 Antiope

68 1378 206 1429 salebroso
227 1380 331 1428 ιιιιίιιιιιιιι
352 1382 444 1433 tristem
470 1382 566 1432 liabens
586 1382 703 1431 nudius
730 1382 855 1431 οὺιειιιιιιι.
904 1381 1095 1444 andsquidm
1120 1382 1199 1431 cereis

70 1446 200 1505 parentes
220 1442 344 1505 lippientes
363 1460 489 1507 suggerere
506 1447 555 1495 boe
574 1450 692 1509 precepta
703 1444 839 1505 jesesidss,
861 1460 961 1506 segnes
976 1445 1198 1494 ssdeistadicesdi

71 1506 415 1582 pnlellsudosperseseritr
433 1512 533 1561 stude
549 1510 713 1573 inmunia
729 1510 858 1566 estimati
875 1510 937 1570 qaod
954 1508 1198 1571 tuendamque»

77 1570 212 1619 Remum
219 1572 316 1634 mittes,
324 1588 367 1635 per
380 1574 585 1635 sedesisfsiiores.
613 1574 713 1623 usum
721 1575 811 1636 pudere
821 1573 922 1637 efficeris
933 1572 1003 1636 qued
1011 1587 1110 1635 sequen
1118 1586 1198 1622 rcere

550 1719 610 1739 ΝΙΙ
612 1719 728 1738 00100011

78 1808 178 1866 potest
200 1816 305 1869 negare.
324 1808 521 1859 cambes—82
537 1813 628 1861 muer
647 1812 699 1861 ills.
722 1810 848 1861 Gal—8⁴
864 1806 935 1860 Quid
953 1811 1031 1857 rocat
1042 1806 1146 1869 tepidam
1157 1806 1197 1855 de·

585 1952 695 2004 NOTAE

81 2059 170 2109 Accio
182 2068 270 2109 vetere
282 2060 520 2114 Podtsetl’scuvii
530 2071 622 2115 coeta-
665 2070 814 2115 antumant:
835 2064 902 2114 sicut
923 2071 1067 2128 ctionem,
1084 2062 1198 2130 lutifica-

82 2150 147 2195 neo,
161 2136 239 2199 paulo
252 2143 338 2185 tamen
353 2138 468 2202 juniore,
482 2156 558 2204 quem
570 2141 623 2190 lau·
663 2140 719 2191 bile.

84 2212 153 2261 daut
171 2213 242 2263 Tull.
263 2227 311 2276 pro
330 2212 429 2264 Archia
451 2216 544 2267 Poits.
567 2217 622 2265 lda-
695 2220 728 2265 79
745 2215 799 2264 llos
811 2214 1018 2279 munitas]
1044 2215 1157 2279 Nempe,
1167 2220 1198 2264 nt

86 2288 163 2337 crob.
180 2290 309 2339 Saturnal.
320 2305 338 2339 ι.
349 2296 373 2340 7.
391 2292 459 2342 ltern
472 2308 510 2342 vr.
522 2296 546 2342 1.
559 2298 583 2343 2.
595 2300 623 2343 ei
663 2298 766 2341 veteres
778 2290 876 2341 Poein
887 2298 1027 2341 sectemur.

86 2368 114 2412 s.
132 2364 250 2413 Valerius
264 2366 334 2415 Max.
346 2380 389 2417 ιιι.
401 2372 425 2417 ι.
438 2374 487 2418 ιιι.
502 2373 541 2418 ιι.
554 2369 623 2419 vide
694 2370 727 2413 80
743 2365 861 2427 Smne]
888 2364 942 2415 Vns
965 2366 1080 2429 patruum
1098 2366 1125 2426 in
1143 2379 1197 2429 qno

87 2446 116 2488 et
131 2440 231 2503 Lyliutn
242 2442 386 2492 Giraldum.
662 2440 717 2491 cibi
724 2439 860 2505 friguntur.
893 2442 1051 2502 Metaphora
1067 2454 1114 2503 pro
1131 2446 1197 2489 stre-

121 2520 152 2564 77
173 2518 300 2579 Pacuvius]
337 2519 524 2581 Brundusinus,
558 2520 622 2570 anti.
661 2516 719 2578 pitu
730 2514 854 2563 ferventis
871 2514 1018 2577 sartaginis,
1035 2514 1077 2563 cni
1087 2514 1197 2563 similem

88 2606 154 2655 quus
176 2592 432 2659 Tragoediograplrus,
450 2596 501 2645 imo
519 2598 622 2659 Tragoe.
661 2590 717 2639 edit
726 2604 816 2638 sonum
827 2590 909 2637 oratio
918 2588 1037 2650 confusa,
1048 2597 1076 2638 et
1089 2588 1195 2639 vocibus

89 2666 181 2717 dorum
208 2668 346 2733 Princeps,
378 2672 510 2737 aliquanto
534 2673 622 2734 junior
664 2663 1130 2717 norissimuletobsoletiscouferta.

89 2742 195 2805 Plauto,
214 2744 288 2793 Ennii
305 2760 338 2794 ex
352 2759 440 2795 sorore
451 2760 532 2809 nepos
545 2744 622 2795 fuisse
695 2748 726 2793 81
746 2739 866 2803 Dedecus]
892 2739 992 2790 infame
1012 2740 1117 2789 dicendi
1134 2740 1198 2791 scri-

89 2818 194 2869 diciiur.
227 2820 255 2868 Μ
260 2854 266 2869 .
285 2821 391 2870 Pacuvii
404 2829 432 2870 et
446 2819 623 2870 1..Acciic01.
662 2819 793 2884 bendique
804 2832 895 2882 genus.

89 2894 203 2957 loquium
213 2908 246 2943 ex
258 2897 392 2946 occasions
401 2895 500 2945 lactum
506 2897 623 2960 Tarenti,
694 2898 726 2943 82
745 2892 878 2956 muns]
894 2890 920 2941 A
930 2891 1047 2941 Trossnlo
1055 2892 1197 2942 uiscerum

91 2967 148 3033 lege
160 2970 227 3033 apud
239 2970 369 3033 tigellium
383 2984 447 3019 xiii.
455 2976 479 3022 Ἰ.
488 2972 550 3021 ilem
560 2972 623 3021 utri·
662 2972 758 3035 oppido
767 2971 824 3019 siue
835 2967 952 3034 peditum
963 2982 1013 3031 ope
1022 2974 1111 3031 capto,
1119 2966 1198 3030 Equi·

91 3058 170 3107 usque
182 3046 265 3107 elogia
275 3046 342 3107 apud
353 3047 461 3097 Quintil.
473 3060 500 3095 x.
514 3052 536 3095 1.
548 3048 622 3097 Duo·
662 3055 702 3098 tes
712 3049 822 3097 Romani
833 3045 1006 3109 cognominati
1018 3051 1079 3093 sunt
1089 3043 1196 3091 Trossu-

91 3134 147 3187 rum
163 3120 283 3170 horumce
302 3121 444 3171 Petitarum
464 3123 547 3185 stylus
566 3122 621 3186 qui·
661 3124 689 3173 li.
723 3122 866 3185 Accipiunt
891 3121 935 3168 alii
962 3134 1021 3183 pro,
1053 3117 1196 3167 Torosulus

93 3194 148 3245 dem
160 3209 234 3259 asper
250 3205 277 3245 et
290 3196 377 3255 durus,
388 3204 504 3247 attamen
515 3198 621 3246 interlu·
662 3199 781 3248 diminui.
791 3212 808 3247 s
824 3198 950 3256 Torosus;
969 3201 998 3243 ut
1018 3200 1142 3243 notentur
1153 3194 1197 3242 ho-

93 3277 137 3323 cet
148 3272 288 3322 sententiis.
661 3272 743 3321 minse
755 3270 896 3321 delicatuli.

93 3406 96 3413 γ
129 3346 262 3409 l'errucosu]
280 3348 361 3399 Quasi
371 3349 485 3399 verrucis
496 3355 524 3399 et
536 3356 617 3399 toruo-
690 3347 820 3409 Ssbsellio]
846 3348 897 3396 Vel
920 3344 1011 3411 quibus
1036 3344 1193 3409 spectabant

94 3422 162 3471 ribus
172 3438 270 3487 aspera.
659 3425 747 3475 Ludos
758 3419 866 3489 Equites
878 3424 998 3486 Roinsni,
1006 3424 1046 3471 vel
1055 3422 1148 3488 quibus
1156 3437 1195 3471 re-

126 3504 156 3549 78
170 3499 285 3564 Antiopa]
309 3500 373 3563 Lyci
384 3500 530 3550 Thebarum
540 3502 619 3565 Regis
659 3500 794 3550 citationes
815 3498 965 3559 audiebant,
987 3506 1117 3561 utsupra
1138 3496 1196 3548 inse

95 3590 157 3625 uxor
167 3576 197 3625 ob
206 3575 279 3626 lovis
298 3574 462 3627 concubitum
482 3592 497 3625 a
514 3578 568 3627 viro
580 3592 618 3628 re·
658 3577 781 3641 explicui,
796 3574 829 3625 ad
850 3590 909 3625 euin
931 3577 1034 3625 locuni:
1057 3572 1198 3636 &deleges

95 3650 201 3717 podiata.
216 3652 316 3701 Titulus
328 3660 368 3700 cst
376 3652 521 3717 Tragoedias
534 3653 619 3703 Pacu·
661 3654 730 3703 celsa.

96 3728 181 3785 viane,
201 3728 273 3790 cujus
294 3726 412 3777 meminit
427 3728 525 3777 Tullius
546 3728 620 3779 initio
692 3732 724 3778 88
741 3729 816 3778 Nilne
835 3729 920 3791 pudet]
940 3726 1000 3777 lam
1016 3739 1061 3775 eos
1084 3723 1196 3772 insecta·

97 3806 140 3855 l.r.
152 3805 181 3853 dc
193 3802 307 3853 Finibus.
662 3810 704 3852 tur
728 3803 833 3853 Persius
851 3805 895 3867 qui
916 3801 1045 3851 lenocinia
1059 3800 1196 3848 verborum

128 3878 326 3941 AErunnisfslte]
344 3878 375 3927 ld
393 3886 441 3939 est,
463 3882 515 3929 suis
534 3895 561 3929 so
572 3881 619 3931 mi·
660 3886 715 3929 tam
723 3878 839 3929 studiose
851 3881 902 3928 irno
912 3886 965 3927 tam
973 3877 1053 3926 stulte
1062 3872 1197 3937 adhibent,

99 3956 165 4007 seriis
183 3963 335 4017 sustentans,
352 3954 488 4004 indurans:
512 3957 551 4004 vel
572 3956 619 4005 cir·
659 3964 687 4005 ut
708 3956 736 4005 iu
754 3971 785 4005 eo
808 3956 858 4004 viru
876 3952 999 4003 orationis
1025 3948 1196 4013 constituant,

99 4030 229 4081 cuniciucta
240 4029 439 4079 calamitatibus.
465 4030 620 4094 bletsphors
658 4032 774 4096 ipsisque
797 4032 823 4079 in
840 4029 923 4079 causis
941 4024 1095 4091 capitalibus
1107 4024 1195 4074 valere

101 4108 156 4159 satis
173 4107 244 4168 durs,
265 4121 340 4170 quam
361 4121 395 4154 ex
424 4107 480 4169 ipso
506 4107 619 4157 Pacuvio
660 4114 769 4173 putent:
792 4102 983 4155 adeosusillos
998 4106 1195 4151 escoecatvsns

99 4182 245 4247 deprominus
263 4180 305 4231 liic
327 4180 482 4246 reprehendi
501 4182 620 4233 nonnulli
659 4182 841 4234 ostentationis
852 4188 881 4231 et
892 4178 980 4244 gloriae
992 4175 1076 4227 inanis
1091 4174 1196 4242 cupido.
