2850 4817
527 374 667 425 SATIRA
690 372 747 423 nt.

120 526 202 591 Hic
218 524 341 609 uliquis
355 522 397 587 do
411 526 505 607 gente
518 520 651 587 hircosa
665 516 896 585 centurionum

64 630 202 707 Dicat,
218 614 317 707 Quod
334 626 415 691 sutis
431 632 492 705 est,
507 623 603 708 supin
615 622 710 687 mihi:
733 640 798 687 non
811 638 874 705 ego
888 636 971 683 curo

64 730 182 808 Esse,
198 730 286 815 qnod
303 728 473 793 Arcesilas
486 726 731 808 aenrmnosique
744 723 894 801 Solones,

66 831 232 915 Obstipo
245 832 368 915 capite,
384 826 846 911 etigunteslumineterrum,
1143 817 1188 883 θ)

68 932 260 999 Murmura
273 952 349 997 cum
363 950 475 996 secum
490 936 525 994 et
537 930 670 995 rabiosa
683 928 813 993 silentia
825 924 957 1003 rodunt,

65 1080 236 1130 pneuma
252 1082 298 1115 soa
308 1066 384 1115 adhue
395 1070 516 1115 enarum
526 1064 575 1115 rit'
569 1078 593 1113 ιιι
604 1078 666 1114 ease.
702 1064 760 1113 litio
778 1062 874 1126 quiden
889 1062 919 1110 de
936 1060 1011 1123 stirpe
1022 1057 1114 1108 &nto
1127 1059 1188 1107 Ces·

68 1131 201 1179 tranum
212 1132 370 1194 respondebit
387 1132 470 1181 Sa
493 1129 702 1194 ιιιίλὲιιιιιιιιρίιιι
703 1129 757 1186 rte,-
772 1143 816 1177 aee
830 1124 963 1188 mentm
980 1138 1030 1173 usse
1045 1124 1115 1173 tuear
1128 1122 1189 1186 qest

69 1194 192 1244 t'uernnt
210 1196 337 1255 Arcesilas,
347 1199 371 1244 et
446 1210 487 1245 nes
504 1194 633 1244 ruhnitosi
647 1144 851 1253 emerem,
862 1195 885 1240 et
904 1189 1014 1239 hahentes
1032 1188 1108 1237 oculos
1122 1186 1189 1236 tunt

70 1259 184 1325 defixos,
192 1262 783 1324 qandaspsdseiatradentasneruustsunrros
797 1261 822 1306 et
840 1226 1189 1315 Mummium&

472 1456 504 1503 8⁰
524 1451 612 1515 lauriae
622 1456 694 1503 terre
704 1450 757 1500 Mo.
768 1450 801 1501 R.

583 1566 689 1618 NO'I'AE

75 1654 174 1721 priora
185 1654 340 1705 defecerint.
655 1654 744 1718 irrisae,
753 1662 782 1706 et
799 1653 967 1704 Academisnr
985 1650 1131 1701 celebrasse
1149 1648 1188 1699 dl·

115 1730 194 1794 Orea]
225 1732 278 1780 Vas
296 1736 405 1795 angusto
424 1733 502 1794 eollo,
519 1732 546 1781 in
564 1746 614 1797 qno
654 1732 768 1793 citur,et
786 1736 878 1780 contre
894 1728 1037 1790 Zenonem,
1055 1727 1088 1777 de
1106 1726 1187 1776 omui·

76 1806 174 1869 reponi
187 1814 296 1856 mustum
313 1805 422 1857 solebat.
456 1808 569 1857 sumitur
586 1816 614 1857 et
655 1808 703 1858 bus
726 1808 898 1857 dubitandum
924 1804 1072 1856 affirmasse.
1117 1804 1187 1854 Hine

79 1896 133 1946 pro
153 1882 270 1946 quolibet
289 1884 340 1932 alio
360 1898 428 1943 ruse,
445 1899 477 1934 eo
494 1886 615 1946 maxime,
654 1884 923 1936 nonnulliAroesilanr
935 1884 977 1931 hio
997 1896 1051 1945 prro
1070 1880 1126 1930 aliis
1143 1894 1188 1929 no·

78 1960 108 2011 in
121 1974 175 2025 quo
186 1961 338 2009 salsamenta
351 1968 378 2011 et
388 1963 473 2025 pisces
484 1961 552 2012 saliti
564 1976 615 2010 ser·
655 1960 758 2026 nrinari,
784 1967 812 2011 et
837 1959 920 2010 tacite
945 1958 1058 2007 veltieari
1079 1958 1151 2006 aiunt
1172 1969 1189 2006 a

76 2035 220 2085 nubuntur.
253 2036 354 2086 Graecis
376 2038 445 2101 lpxn.
479 2040 616 2103 Qusprop·
656 2036 988 2101 Pontoqustoieeeru
1006 2040 1085 2084 seetae
1101 2032 1189 2083 addie-

79 2122 126 2163 ter
148 2120 175 2161 et
195 2112 286 2161 Latine
304 2114 431 2178 scriptum
450 2114 520 2177 oliru,
536 2114 616 2178 min,
656 2121 707 2165 tus.
723 2115 792 2164 Tull.
805 2114 832 2163 iu
842 2111 1038 2166 Orestheon.
1055 2110 1189 2160 ‘Phlloso-

81 2188 201 2238 nonnulli
211 2186 348 2239 affirmant.
657 2192 725 2255 phire
752 2204 856 2241 eversor
868 2188 886 2239 :'
917 2189 1064 2253 Lactantio,
1091 2200 1134 2236 ιιι.
1162 2191 1188 2237 d.

115 2268 149 2313 77
178 2264 228 2314 Hie
255 2266 350 2329 atheis,
377 2264 431 2329 tro]
475 2266 617 2331 Prolepsis,
656 2267 833 2332 ‘ignorantiae
852 2265 975 2330 nrsgister
992 2262 1130 2315 Arcesilaa'
1146 2277 1190 2313 ro·

83 2347 139 2407 qun
147 2340 250 2391 Persius
259 2340 381 2405 exprimit
393 2342 498 2405 egregio
510 2356 616 2405 prursrn
657 2350 744 2406 eatur3
761 2358 822 2393 saue
844 2342 903 2407 qula
924 2341 1107 2391 nihilomnino
1126 2338 1189 2390 sciri

84 2417 242 2481 opinionon,
264 2424 290 2466 et
313 2416 462 2482 trequentes
485 2432 615 2467 sermones
657 2418 810 2470 eilinushat.

85 2494 258 2545 Romanorum
289 2494 445 2559 qrrornndsrn
468 2494 554 2544 studia
576 2510 615 2545 sa·
686 2497 867 2560 AEruuraosipue
893 2494 1001 2555 Solones]
1049 2492 1188 2556 Sapientes

84 2570 191 2635 pientio
214 2570 415 2633 aspernantium,
434 2586 498 2637 quos
520 2571 614 2622 deiude
653 2579 733 2622 vocat
754 2586 921 2633 aerumnosos,
940 2571 1001 2636 qnia
1018 2568 1120 2619 nonnisi
1139 2583 1189 2633 per

84 2645 192 2697 refutet.
655 2648 751 2697 multos
769 2648 872 2697 labores
893 2644 1035 2711 acquiritur
1051 2644 1189 2709 sapientis.

120 2722 233 2786 Hircoso]
266 2724 369 2787 Legunt
384 2722 616 2787 alil,hirtosu,pro‚
656 2724 741 2773 Porro
752 2724 830 2773 Solon
841 2737 906 2771 unus
916 2726 1104 2785 erutosepteru
1115 2719 1189 2770 Gr!-

84 2798 162 2860 hirta,
175 2800 213 2847 rel
226 2798 336 2861 hirsuta,
347 2806 377 2849 ut
395 2800 432 2848 sio
450 2800 617 2863 designentur
657 2800 704 2849 eia.
715 2800 884 2863 sapientibus,
903 2806 932 2849 et
946 2796 1142 2849 Atheniensium
1152 2793 1190 2847 le·

86 2874 185 2925 robusti
203 2876 252 2924 viri
273 2882 329 2925 toto
347 2889 458 2939 corpore
478 2874 569 2925 hirsuti
589 2882 616 2926 et
657 2876 777 2939 gislutor:
806 2876 839 2925 de
865 2890 917 2941 qno
944 2874 1002 2925 fuae
1024 2873 1189 2937 Plutarchus,
1255 2904 1261 2914 ·

85 2952 169 3018 pilosi.
212 2952 250 3002 At
277 2952 440 3002 nihilominus
469 2952 616 3003 indicantur
658 2952 788 3015 Laertius,
799 2953 890 3003 etalii.

86 3036 243 3093 pervorsus,
258 3029 362 3085 human:
382 3029 478 3093 quippe
491 3028 535 3093 qui
554 3030 618 3078 rnul-
689 3033 722 3078 8⁰
739 3028 838 3092 Oddt'po
849 3028 935 3093 eripite,
950 3034 974 3077 et
986 3028 1093 3094 ,pigmen
1103 3026 1189 3076 tantu

88 3114 142 3155 tum
158 3104 284 3166 laborant,
305 3112 333 3154 et
355 3118 413 3154 roro
434 3113 518 3155 vestes
537 3104 616 3169 depo·
656 3104 758 3168 tmen]
791 3102 1133 3169 Haeosignasuuthominis
1144 3114 1188 3151 ou·

86 3190 159 3242 nunt,
167 3182 184 3230 ii
197 3183 268 3232 velut
278 3182 363 3231 hirene
375 3183 456 3245 olent,
472 3181 615 3245 presertim
657 3180 802 3245 gitabundi,
820 3188 848 3229 et
868 3178 997 3244 profunde
1013 3178 1124 3246 quadarn
1136 3192 1190 3228 ma·

89 3258 137 3308 sub
158 3258 213 3321 ulis,
236 3259 298 3307 item
325 3258 424 3308 barbati
450 3262 527 3311 sunt:
555 3272 615 3323 que
656 3257 785 3307 ditatione
795 3255 883 3305 delixi.

89 3334 170 3385 omnis
197 3334 313 3383 militiam
343 3332 525 3399 protiteutibar
546 3348 615 3398 saepe
691 3332 806 3394 figentes
815 3330 1015 3395 omrem]
1030 3330 1190 3396 lippeham

87 3411 245 3475 contingunt.
280 3410 323 3461 lta
342 3412 472 3475 graviores
483 3412 615 3477 Interpre-
656 3407 868 3474 pro,defigeutes
886 3409 1078 3459 terraluruina.
1112 3408 1188 3460 Quod

86 3496 126 3538 tes
137 3488 221 3551 legunt
232 3494 259 3537 et
273 3488 415 3551 explicant.
655 3484 743 3535 facere
762 3500 778 3533 a
798 3483 951 3547 Predagogis
968 3483 1140 3547 jubebantur,
1160 3490 1189 3533 nt

120 3567 150 3613 78
166 3564 303 3619 Quodntr's
317 3564 514 3629 est,rupio,tse.]
546 3560 613 3613 Auro
652 3561 788 3612 modestia
797 3560 908 3609 simulet
916 3560 1081 3611 meditationi
1089 3574 1189 3610 assues·

89 3640 255 3691 Romuuorum
266 3640 369 3689 visendi
378 3654 484 3702 murem,
493 3640 611 3707 huncque
652 3646 743 3690 nerent
756 3638 865 3688 studiosi
872 3638 995 3703 juvenes.

88 3711 224 3781 peregrino
236 3716 369 3779 sapientire
379 3714 498 3778 praeiero.
685 3720 713 3765 81
729 3714 834 3764 ltuliosu
843 3713 938 3764 rttnrta
947 3714 1045 3778 redut]
1060 3714 1183 3767 Fortasse

120 3791 171 3839 Non
181 3807 224 3853 ego
234 3808 289 3841 curo
298 3792 359 3855 esse]
401 3793 611 3857 Nolirnegotan-
652 3794 713 3860 quin
736 3792 818 3842 rubidi
841 3806 919 3849 osnes
938 3807 989 3841 non
1010 3794 1123 3843 latrant:
1142 3794 1183 3844 vel

87 3876 139 3916 tum
151 3882 250 3931 rupere,
265 3874 293 3917 et
304 3882 345 3917 rne
357 3866 466 3932 tetigere
486 3868 511 3917 in
528 3870 611 3919 iures·
653 3870 741 3935 potius
759 3868 828 3935 qnia,
849 3874 880 3918 ut
903 3867 982 3917 habet
1002 3868 1191 3933 Quintilianus,

90 3944 189 4009 rigaudo
209 3946 344 4010 sapientis,
367 3954 396 3996 ut
415 3946 516 3995 Groui:
535 3948 612 3997 nolim
652 3958 684 3995 1.
696 3948 721 3995 8.
738 3945 776 3994 illi
792 3946 836 4009 qui
848 3948 950 3993 attente
967 3942 1098 4007 quidpiam
1120 3942 1191 4010 cogi.

89 4021 247 4072 Academiam
260 4022 414 4083 instaurare,
426 4028 454 4071 ut
466 4022 611 4085 Arcesilan
653 4027 720 4081 taut,
740 4035 810 4084 sape
833 4020 911 4069 etism
933 4032 1020 4067 seeum
1040 4018 1188 4069 obmurmn·
1255 4073 1257 4076 ,
1293 3998 1298 4008 ’

89 4098 271 4149 ueeeivituteur
285 4098 383 4163 legibus
396 4100 495 4149 munire
513 4106 542 4149 et
552 4114 611 4149 con·
653 4099 734 4147 raudo
754 4096 940 4161 cogitationem
961 4094 1070 4157 agitant.
1106 4094 1184 4147 Unde

90 4176 202 4237 stituere,
213 4182 242 4223 nt
253 4175 340 4223 Solon.
652 4174 674 4223 si
687 4174 744 4239 quis
756 4172 790 4221 de
809 4171 884 4235 plebe
896 4184 942 4220 eos
955 4175 1010 4220 tutu
1028 4174 1178 4239 contemplo

117 4256 148 4307 79
164 4252 292 4321 Arcesilas]
327 4254 460 4306 Crantoris
472 4254 614 4320 discipulus
652 4247 917 4314 tur,t'uriososreluti
930 4245 1073 4298 existimet.
