2850 4817
536 374 776 428 ruvausnts„
1112 364 1200 431 ΙΝ

2 493 3 521 ³
94 532 204 599 gerent.
247 522 316 591 Qus
337 519 447 581 ratione
458 521 511 581 etsi
533 540 636 601 perure
658 520 820 601 proficitur,
841 522 897 583 nisi
917 528 979 583 tnta
999 521 1039 582 ab
1053 521 1118 583 eliis
1133 523 1199 602 jani

96 620 192 680 omnia
206 619 279 679 satis
294 620 439 680 illustrata
454 630 533 691 snut,
553 619 682 699 nihilque
697 620 877 699 prreteritunt
891 630 949 692 est,
970 620 1051 700 qnod
1067 622 1135 681 lnce
1149 621 1202 683 eli-

97 737 153 795 qns
167 716 306 795 indigeat,
327 727 389 777 turn
405 717 557 795 aptissima
570 727 685 779 tanturn
699 727 731 779 et
744 718 849 779 ceteris
866 718 1067 797 probabiliora
1080 718 1202 781 solerter

97 835 133 875 ea
145 812 178 873 iis
189 823 400 893 excerpuntur,
416 834 472 873 non
487 814 591 875 mirum
606 825 703 875 temen
718 824 775 885 est,
789 834 854 875 eum
867 814 966 873 nsaaltis
978 814 1117 885 arrisisse,
1129 834 1201 877 cnm

100 923 246 991 tantopere
257 912 425 972 blaruliatnr
438 923 468 973 et
482 911 616 982 desidiae,
629 924 661 973 et
675 913 753 973 inani
765 910 852 971 lame
861 912 1004 989 cupidini,
1018 932 1087 991 quae
1099 912 1200 973 aliems

99 1008 209 1085 plorimi
232 1008 318 1071 bonis
345 1009 509 1089 alienisque
529 1008 632 1087 penitis
656 1028 687 1069 se
707 1028 849 1069 exornare
871 1019 960 1069 amet.
1001 1008 1201 1087 cupidissime

98 1106 170 1165 ithus
192 1125 256 1183 pra
276 1106 386 1165 ceteris
405 1106 554 1185 arripuere
569 1106 682 1179 Batavi,
707 1106 759 1187 qui
771 1106 905 1176 eandem,
927 1126 1025 1185 perse
1044 1106 1108 1183 jara
1129 1108 1201 1168 satis

99 1204 283 1261 commodans
306 1221 343 1262 se
364 1202 492 1273 facilem,
515 1204 608 1263 multo
622 1224 743 1283 quoque
763 1204 976 1278 expeditiorem
997 1202 1200 1277 reddiderunt,

98 1298 211 1359 inrecto
221 1318 304 1359 more
316 1302 478 1361 Auctornrn
490 1301 675 1363 classicorum
691 1302 738 1361 vel
748 1322 815 1362 cum
826 1301 965 1362 omatibus
975 1300 1035 1363 t'ere
1047 1302 1201 1363 variorum

98 1396 191 1466 Notis,
206 1397 252 1455 vel
266 1416 335 1455 curn
347 1397 465 1475 integris
476 1397 601 1458 rirortnn
613 1398 768 1457 docturum
780 1396 997 1458 commentariis
1007 1398 1200 1459 edendorum.

100 1492 177 1551 lllam
192 1492 337 1553 rationem
357 1503 475 1553 secutus
490 1504 535 1552 est
556 1492 741 1551 Sclsrerelins
756 1492 826 1552 inde
847 1494 888 1551 alr
899 1512 926 1552 a.
946 1490 1034 1553 1648.
1048 1502 1202 1574 utramque

99 1608 164 1648 aero
192 1590 414 1649 Henniuiusa.
447 1586 535 1649 1685.
560 1588 768 1667 compilatores
793 1588 878 1647 nimis
905 1588 1011 1659 seduli,
1039 1608 1077 1649 ne
1103 1589 1202 1651 dicem

99 1688 196 1766 inepti,
219 1686 250 1745 in
265 1706 390 1765 quornm
406 1684 596 1755 editionibus,
611 1704 678 1765 quae
693 1686 854 1763 superiores
867 1686 1040 1765 interpretes
1053 1687 1092 1746 ad
1104 1688 1203 1766 singn-

99 1786 139 1845 las
152 1802 240 1845 socer
259 1786 476 1861 sententiasque
497 1782 685 1857 illustrandas
705 1783 943 1856 obsemrersnt,
967 1784 1055 1845 etism
1077 1786 1204 1847 maxime

98 1880 198 1952 aliena,
220 1892 336 1961 arguta,
359 1881 498 1960 vulgaris,
523 1891 554 1941 et
573 1880 716 1953 absurda,
740 1900 837 1960 nequo
857 1882 956 1953 semel,
978 1880 1030 1942 sed
1055 1882 1163 1961 sepius
1185 1904 1204 1944 a

99 1980 234 2055 pluribus
251 1978 406 2057 ruthque
421 1986 535 2039 tantum
555 1978 619 2037 aliis
637 1988 749 2051 notata,
767 1978 831 2040 sins
852 1980 914 2039 ullo
934 1980 1021 2041 animi
1035 1978 1154 2055 judicio
1167 2001 1204 2043 ac

98 2076 215 2137 delectu
241 2074 392 2135 cumulata
418 2082 506 2155 atque
534 2084 672 2154 congesta
698 2085 778 2148 sunt,
809 2077 920 2154 quibus
948 2076 1042 2137 lector
1067 2088 1205 2139 oneratur

98 2172 197 2251 nugis,
213 2190 302 2252 quam
314 2171 484 2250 adjuratur.

137 2268 259 2329 Saeculo
273 2268 401 2346 denique
415 2284 522 2329 xvut.
545 2288 603 2330 non
618 2288 711 2331 novos
724 2277 816 2349 poeta
836 2281 943 2331 nactus
956 2279 1002 2330 est
1021 2270 1204 2349 interpretes,

97 2376 203 2443 peter
226 2366 431 2435 manantem,
450 2364 557 2443 (βαιὰ.
582 2368 683 2441 1793.)
704 2366 757 2445 qni
779 2376 893 2427 tanturn
916 2386 975 2426 eon
996 2366 1096 2425 omnia
1115 2364 1207 2426 debet

97 2464 226 2535 Lubino,
241 2473 272 2524 et
286 2463 431 2543 quosdam
445 2463 575 2525 eruditos
589 2466 713 2543 Anglor.
729 2464 829 2537 ltslos,
841 2476 873 2524 et
882 2466 1058 2533 Germsnos,
1073 2463 1126 2541 qni
1140 2482 1216 2522 rer·.

97 2562 231 2625 sionibus
245 2562 307 2623 suis
320 2562 523 2623 annotationes
539 2561 742 2639 sulajeceruet,
756 2560 786 2619 is
800 2562 910 2639 quitata
924 2560 1016 2619 nauta
1029 2557 1152 2638 quidem
1161 2560 1207 2617 iu.

98 2668 166 2718 sunt
181 2660 272 2731 bona,
287 2659 338 2719 sed
353 2678 420 2737 quac
433 2678 492 2719 non
508 2658 645 2720 omnibus
658 2658 800 2719 laetorum
814 2657 969 2719 desideriis
981 2656 1052 2715 satis
1066 2654 1204 2716 tutent.-

134 2758 204 2816 Jam
219 2755 249 2817 si
258 2756 368 2825 omniu,
391 2775 459 2834 quse
472 2775 491 2815 s
503 2756 590 2815 nobis
604 2764 635 2813 et
649 2753 818 2833 siugulatim
837 2762 868 2814 et
882 2755 1017 2813 universe
1029 2752 1112 2813 dicta
1126 2763 1205 2823 sunt,

97 2852 262 2931 collegeris,
273 2849 361 2911 facile
375 2850 556 2929 intelligitur,
572 2868 661 2929 quem
676 2868 782 2928 parurn
791 2850 890 2911 adlrnc
898 2850 1046 2911 editorum
1056 2850 1207 2911 lnreuslis

96 2949 194 3011 studia
208 2962 272 3009 turn
287 2946 559 3009 inemendationem
573 2956 740 3017 conterno,
755 2956 817 3008 turn
832 2948 862 3007 in
876 2967 1021 3011 summam
1034 2950 1208 3025 interpreta-

96 3044 185 3107 tionis
205 3044 398 3123 profecerint,
420 3056 452 3105 et
472 3063 560 3121 quana
583 3062 651 3105 vere
671 3042 779 3103 dixerit
794 3045 966 3104 Fabricios:
987 3045 1029 3119 (in
1043 3045 1121 3103 Bibl.
1143 3044 1208 3103 Lat.

95 3144 133 3205 T.
150 3160 192 3205 tt.
216 3162 249 3221 p.
265 3140 337 3205 362.
359 3142 429 3201 edit.
452 3142 565 3201 Ernest-
590 3138 672 3218 Lips.
696 3144 797 3211 1773.)
838 3140 935 3199 ‘Cum
957 3136 1097 3199 llcnstiuii
1117 3138 1208 3199 editio

96 3242 134 3301 sit
148 3241 237 3303 nimis
257 3250 378 3299 noenta
392 3240 480 3309 notis,
504 3258 559 3299 nee
573 3236 612 3299 ad
628 3256 711 3297 nsum
733 3236 803 3296 satis
823 3244 904 3313 apta,
928 3254 997 3294 curn
1017 3234 1095 3294 adeo
1108 3234 1208 3296 multis

96 3339 171 3400 lecis
185 3338 226 3399 sit
238 3336 442 3416 quaerendum,
463 3336 487 3395 si
502 3336 577 3395 scire
591 3336 782 3413 interpretum
797 3342 957 3393 sententtss
970 3331 1052 3403 velis,
1073 3332 1209 3393 omnino·

97 3454 156 3516 que
177 3434 311 3495 noudum
333 3432 514 3493 satisfactum
535 3432 574 3491 sit
593 3431 624 3490 iu
645 3431 702 3490 hoc
718 3430 879 3505 scriptore:
899 3427 1062 3506 optandum
1080 3428 1207 3500 ridetur,

98 3543 129 3593 nt
143 3530 252 3609 aliquis
268 3529 313 3591 vir
326 3528 446 3599 doctus,
467 3538 531 3587 turn
546 3527 637 3587 literis
654 3528 764 3585 latinis
783 3525 897 3603 egregie
910 3526 1080 3594 instructus,
1101 3534 1164 3583 turn
1178 3524 1208 3583 iu

98 3629 230 3691 Satirieis
251 3624 447 3703 scriptoribus
469 3624 685 3703 cognoscendis
700 3624 797 3693 tritus,
821 3620 963 3701 suscipiet
976 3640 1081 3681 novam
1103 3620 1210 3680 editio·

98 3746 174 3799 nem,
196 3726 289 3785 etiam
305 3708 537 3783 mole'minorers
553 3722 753 3792 llenniniaua,
773 3719 858 3781 etad
871 3738 938 3779 eaor
957 3720 1032 3779 lrene
1044 3718 1211 3779 curandam

97 3834 164 3889 ante
176 3822 280 3883 cannia
293 3821 387 3883 libros
401 3820 525 3898 scriptos
537 3829 568 3879 et
589 3820 672 3880 editt.
688 3818 818 3879 exentiat
831 3815 983 3895 paulatim,
1005 3824 1040 3875 ut
1058 3814 1210 3875 materiam

93 3922 121 3981 ei
135 3922 274 3983 instituto
295 3926 400 3997 aptam
416 3916 534 3987 habat,
554 3934 712 3997 perquam
728 3914 836 3977 deinde
848 3922 880 3975 et
899 3930 1027 3992 purgare
1040 3909 1168 3981 aruns,
1179 3921 1211 3973 et

96 4018 238 4089 illustrare
253 4014 367 4081 deiude
381 4012 494 4094 possit!
