<?xml version="1.0" encoding="UTF-8"?>
<!DOCTYPE html PUBLIC "-//W3C//DTD XHTML 1.0 Transitional//EN"
    "http://www.w3.org/TR/xhtml1/DTD/xhtml1-transitional.dtd">
<html xmlns="http://www.w3.org/1999/xhtml" xml:lang="en" lang="en">
 <head>
  <title>
</title>
<meta http-equiv="Content-Type" content="text/html;charset=utf-8" />
  <meta name='ocr-system' content='tesseract 3.04.00' />
  <meta name='ocr-capabilities' content='ocr_page ocr_carea ocr_par ocr_line ocrx_word'/>
</head>
<body>
  <div class='ocr_page' id='page_1' title='image "./djuniijuvenalis00unkngoog/djuniijuvenalis00unkngoog_0295.png"; bbox 0 0 2850 4817; ppageno 0'>
   <div class='ocr_carea' id='block_1_1' title="bbox 289 350 1178 421">
    <p class='ocr_par' dir='ltr' id='par_1_1' title="bbox 289 350 1178 421">
     <span class='ocr_line' id='line_1_1' title="bbox 289 350 1178 421; baseline 0.011 -16"><span class='ocrx_word' id='word_1_1' title='bbox 289 360 469 421; x_wconf 76' lang='lat' dir='ltr'><strong>uomens,</strong></span> <span class='ocrx_word' id='word_1_2' title='bbox 494 360 539 409; x_wconf 79' lang='lat' dir='ltr'><strong>ss</strong></span> <span class='ocrx_word' id='word_1_3' title='bbox 563 361 763 411; x_wconf 67' lang='lat' dir='ltr'><strong>senensem</strong></span> <span class='ocrx_word' id='word_1_4' title='bbox 778 362 952 413; x_wconf 79' lang='lat' dir='ltr'><strong>esurus.</strong></span> <span class='ocrx_word' id='word_1_5' title='bbox 1153 350 1178 415; x_wconf 78' lang='lat' dir='ltr'><strong>&#39;t</strong></span> 
     </span>
    </p>
   </div>
   <div class='ocr_carea' id='block_1_2' title="bbox 51 502 1239 3739">
    <p class='ocr_par' dir='ltr' id='par_1_2' title="bbox 51 502 1239 3739">
     <span class='ocr_line' id='line_1_2' title="bbox 51 502 1189 585; baseline 0.009 -18"><span class='ocrx_word' id='word_1_6' title='bbox 51 522 124 567; x_wconf 87' lang='lat' dir='ltr'><strong>rum</strong></span> <span class='ocrx_word' id='word_1_7' title='bbox 150 506 336 569; x_wconf 86' lang='lat' dir='ltr'><strong>communi</strong></span> <span class='ocrx_word' id='word_1_8' title='bbox 359 506 486 571; x_wconf 86' lang='lat' dir='ltr'><strong>rutione</strong></span> <span class='ocrx_word' id='word_1_9' title='bbox 511 504 682 585; x_wconf 75' lang='lat' dir='ltr'>describit,</span> <span class='ocrx_word' id='word_1_10' title='bbox 707 508 767 573; x_wconf 87' lang='lat' dir='ltr'><strong>sed</strong></span> <span class='ocrx_word' id='word_1_11' title='bbox 787 507 1001 573; x_wconf 83' lang='lat' dir='ltr'><strong>omnesartes</strong></span> <span class='ocrx_word' id='word_1_12' title='bbox 1022 502 1189 585; x_wconf 63' lang='lat' dir='ltr'><strong>munit,</strong></span> 
     </span>
     <span class='ocr_line' id='line_1_3' title="bbox 52 608 1178 695; baseline 0.007 -26"><span class='ocrx_word' id='word_1_13' title='bbox 52 608 178 689; x_wconf 67' lang='lat' dir='ltr'><strong>quilius</strong></span> <span class='ocrx_word' id='word_1_14' title='bbox 194 608 312 691; x_wconf 75' lang='lat' dir='ltr'><strong>polita</strong></span> <span class='ocrx_word' id='word_1_15' title='bbox 333 610 380 673; x_wconf 89' lang='lat' dir='ltr'><strong>uti</strong></span> <span class='ocrx_word' id='word_1_16' title='bbox 404 612 513 692; x_wconf 80' lang='lat' dir='ltr'><strong>possit</strong></span> <span class='ocrx_word' id='word_1_17' title='bbox 531 616 565 675; x_wconf 89' lang='lat' dir='ltr'><strong>ct</strong></span> <span class='ocrx_word' id='word_1_18' title='bbox 584 610 713 687; x_wconf 86' lang='lat' dir='ltr'><strong>debeat,</strong></span> <span class='ocrx_word' id='word_1_19' title='bbox 739 612 852 675; x_wconf 88' lang='lat' dir='ltr'><strong>omnia</strong></span> <span class='ocrx_word' id='word_1_20' title='bbox 870 610 949 675; x_wconf 89' lang='lat' dir='ltr'><strong>loca</strong></span> <span class='ocrx_word' id='word_1_21' title='bbox 970 615 1005 675; x_wconf 88' lang='lat' dir='ltr'><strong>et</strong></span> <span class='ocrx_word' id='word_1_22' title='bbox 1026 612 1178 695; x_wconf 74' lang='lat' dir='ltr'><strong>regiones</strong></span> 
     </span>
     <span class='ocr_line' id='line_1_4' title="bbox 53 710 1177 797; baseline 0.006 -26"><span class='ocrx_word' id='word_1_23' title='bbox 53 710 151 790; x_wconf 84' lang='lat' dir='ltr'><strong>quasi</strong></span> <span class='ocrx_word' id='word_1_24' title='bbox 177 710 337 787; x_wconf 83' lang='lat' dir='ltr'><strong>ridiculi,</strong></span> <span class='ocrx_word' id='word_1_25' title='bbox 358 710 492 775; x_wconf 82' lang='lat' dir='ltr'><strong>invidiae</strong></span> <span class='ocrx_word' id='word_1_26' title='bbox 511 717 544 775; x_wconf 91' lang='lat' dir='ltr'><strong>et</strong></span> <span class='ocrx_word' id='word_1_27' title='bbox 561 712 794 793; x_wconf 64' lang='lat' dir='ltr'><strong>indignationis</strong></span> <span class='ocrx_word' id='word_1_28' title='bbox 813 718 1045 797; x_wconf 85' lang='lat' dir='ltr'><strong>perscrutatur,</strong></span> <span class='ocrx_word' id='word_1_29' title='bbox 1068 730 1177 796; x_wconf 85' lang='lat' dir='ltr'><strong>eaque</strong></span> 
     </span>
     <span class='ocr_line' id='line_1_5' title="bbox 52 800 1175 897; baseline 0.007 -28"><span class='ocrx_word' id='word_1_30' title='bbox 52 809 125 873; x_wconf 88' lang='lat' dir='ltr'><strong>inde</strong></span> <span class='ocrx_word' id='word_1_31' title='bbox 149 810 342 892; x_wconf 88' lang='lat' dir='ltr'><strong>depromit,</strong></span> <span class='ocrx_word' id='word_1_32' title='bbox 366 812 488 894; x_wconf 87' lang='lat' dir='ltr'><strong>quibus</strong></span> <span class='ocrx_word' id='word_1_33' title='bbox 512 812 644 877; x_wconf 86' lang='lat' dir='ltr'><strong>lectoris</strong></span> <span class='ocrx_word' id='word_1_34' title='bbox 670 814 827 889; x_wconf 78' lang='lat' dir='ltr'><strong>mimum,</strong></span> <span class='ocrx_word' id='word_1_35' title='bbox 852 800 1068 897; x_wconf 77' lang='lat' dir='ltr'><strong>quocumque</strong></span> <span class='ocrx_word' id='word_1_36' title='bbox 1083 814 1175 892; x_wconf 79' lang='lat' dir='ltr'><strong>velit,</strong></span> 
     </span>
     <span class='ocr_line' id='line_1_6' title="bbox 54 908 1178 999; baseline 0.009 -27"><span class='ocrx_word' id='word_1_37' title='bbox 54 908 179 991; x_wconf 78' lang='lat' dir='ltr'><strong>tle‹:‚tet</strong></span> <span class='ocrx_word' id='word_1_38' title='bbox 209 914 387 997; x_wconf 83' lang='lat' dir='ltr'><strong>simulque</strong></span> <span class='ocrx_word' id='word_1_39' title='bbox 414 920 523 978; x_wconf 85' lang='lat' dir='ltr'><strong>teneat</strong></span> <span class='ocrx_word' id='word_1_40' title='bbox 545 920 644 997; x_wconf 86' lang='lat' dir='ltr'><strong>atque</strong></span> <span class='ocrx_word' id='word_1_41' title='bbox 673 916 823 981; x_wconf 78' lang='lat' dir='ltr'><strong>delectet</strong></span> <span class='ocrx_word' id='word_1_42' title='bbox 878 914 998 999; x_wconf 87' lang='lat' dir='ltr'><strong>Neque</strong></span> <span class='ocrx_word' id='word_1_43' title='bbox 1027 935 1106 981; x_wconf 86' lang='lat' dir='ltr'><strong>vero</strong></span> <span class='ocrx_word' id='word_1_44' title='bbox 1134 916 1178 982; x_wconf 86' lang='lat' dir='ltr'><strong>de</strong></span> 
     </span>
     <span class='ocr_line' id='line_1_7' title="bbox 53 1015 1179 1102; baseline 0.011 -31"><span class='ocrx_word' id='word_1_45' title='bbox 53 1014 215 1077; x_wconf 68' lang='lat' dir='ltr'><strong>unirerso</strong></span> <span class='ocrx_word' id='word_1_46' title='bbox 238 1015 402 1079; x_wconf 73' lang='lat' dir='ltr'><strong>sitieram</strong></span> <span class='ocrx_word' id='word_1_47' title='bbox 424 1034 540 1097; x_wconf 90' lang='lat' dir='ltr'><strong>genere</strong></span> <span class='ocrx_word' id='word_1_48' title='bbox 565 1018 635 1097; x_wconf 81' lang='lat' dir='ltr'><strong>ugit</strong></span> <span class='ocrx_word' id='word_1_49' title='bbox 656 1015 769 1100; x_wconf 82' lang='lat' dir='ltr'><strong>poete,</strong></span> <span class='ocrx_word' id='word_1_50' title='bbox 789 1016 850 1081; x_wconf 88' lang='lat' dir='ltr'><strong>sed</strong></span> <span class='ocrx_word' id='word_1_51' title='bbox 872 1022 910 1080; x_wconf 91' lang='lat' dir='ltr'><strong>ut</strong></span> <span class='ocrx_word' id='word_1_52' title='bbox 930 1036 1009 1083; x_wconf 87' lang='lat' dir='ltr'><strong>eum</strong></span> <span class='ocrx_word' id='word_1_53' title='bbox 1027 1018 1179 1102; x_wconf 87' lang='lat' dir='ltr'><strong>personis</strong></span> 
     </span>
     <span class='ocr_line' id='line_1_8' title="bbox 51 1110 1176 1201; baseline 0.01 -27"><span class='ocrx_word' id='word_1_54' title='bbox 51 1110 169 1192; x_wconf 81' lang='lat' dir='ltr'><strong>juncta</strong></span> <span class='ocrx_word' id='word_1_55' title='bbox 184 1136 267 1180; x_wconf 77' lang='lat' dir='ltr'><strong>esse</strong></span> <span class='ocrx_word' id='word_1_56' title='bbox 284 1118 427 1194; x_wconf 83' lang='lat' dir='ltr'><strong>soleant,</strong></span> <span class='ocrx_word' id='word_1_57' title='bbox 442 1117 518 1183; x_wconf 88' lang='lat' dir='ltr'><strong>loco</strong></span> <span class='ocrx_word' id='word_1_58' title='bbox 532 1138 666 1201; x_wconf 83' lang='lat' dir='ltr'><strong>qnoque</strong></span> <span class='ocrx_word' id='word_1_59' title='bbox 680 1125 715 1183; x_wconf 89' lang='lat' dir='ltr'><strong>et</strong></span> <span class='ocrx_word' id='word_1_60' title='bbox 735 1124 885 1201; x_wconf 88' lang='lat' dir='ltr'><strong>ternpore</strong></span> <span class='ocrx_word' id='word_1_61' title='bbox 903 1117 1051 1183; x_wconf 78' lang='lat' dir='ltr'><strong>definito.</strong></span> <span class='ocrx_word' id='word_1_62' title='bbox 1095 1118 1176 1185; x_wconf 60' lang='lat' dir='ltr'><strong>Peri</strong></span> 
     </span>
     <span class='ocr_line' id='line_1_9' title="bbox 57 1217 1177 1303; baseline 0.013 -29"><span class='ocrx_word' id='word_1_63' title='bbox 57 1232 147 1280; x_wconf 84' lang='lat' dir='ltr'><strong>sonae</strong></span> <span class='ocrx_word' id='word_1_64' title='bbox 173 1224 329 1300; x_wconf 83' lang='lat' dir='ltr'><strong>possunt</strong></span> <span class='ocrx_word' id='word_1_65' title='bbox 349 1236 425 1299; x_wconf 84' lang='lat' dir='ltr'><strong>esse</strong></span> <span class='ocrx_word' id='word_1_66' title='bbox 448 1219 502 1283; x_wconf 83' lang='lat' dir='ltr'><strong>vel</strong></span> <span class='ocrx_word' id='word_1_67' title='bbox 528 1218 628 1297; x_wconf 65' lang='lat' dir='ltr'><strong>neto,</strong></span> <span class='ocrx_word' id='word_1_68' title='bbox 654 1217 698 1283; x_wconf 89' lang='lat' dir='ltr'><strong>ad</strong></span> <span class='ocrx_word' id='word_1_69' title='bbox 721 1220 836 1283; x_wconf 84' lang='lat' dir='ltr'><strong>virum</strong></span> <span class='ocrx_word' id='word_1_70' title='bbox 859 1224 969 1283; x_wconf 84' lang='lat' dir='ltr'><strong>temen</strong></span> <span class='ocrx_word' id='word_1_71' title='bbox 990 1239 1177 1303; x_wconf 75' lang='lat' dir='ltr'><strong>expressae,</strong></span> 
     </span>
     <span class='ocr_line' id='line_1_10' title="bbox 56 1302 1172 1403; baseline 0.009 -26"><span class='ocrx_word' id='word_1_72' title='bbox 56 1318 107 1379; x_wconf 79' lang='lat' dir='ltr'><strong>rel</strong></span> <span class='ocrx_word' id='word_1_73' title='bbox 131 1338 240 1397; x_wconf 80' lang='lat' dir='ltr'><strong>rerae,</strong></span> <span class='ocrx_word' id='word_1_74' title='bbox 269 1320 472 1403; x_wconf 81' lang='lat' dir='ltr'><strong>turpitudine</strong></span> <span class='ocrx_word' id='word_1_75' title='bbox 494 1326 585 1386; x_wconf 76' lang='lat' dir='ltr'><strong>notae</strong></span> <span class='ocrx_word' id='word_1_76' title='bbox 605 1322 736 1403; x_wconf 86' lang='lat' dir='ltr'><strong>atque</strong></span> <span class='ocrx_word' id='word_1_77' title='bbox 727 1302 886 1403; x_wconf 75' lang='lat' dir='ltr'><strong>insignes.</strong></span> <span class='ocrx_word' id='word_1_78' title='bbox 930 1320 1010 1399; x_wconf 86' lang='lat' dir='ltr'><strong>Quo</strong></span> <span class='ocrx_word' id='word_1_79' title='bbox 1032 1322 1067 1385; x_wconf 90' lang='lat' dir='ltr'><strong>id</strong></span> <span class='ocrx_word' id='word_1_80' title='bbox 1082 1342 1172 1387; x_wconf 81' lang='lat' dir='ltr'><strong>asse·</strong></span> 
     </span>
     <span class='ocr_line' id='line_1_11' title="bbox 58 1418 1175 1505; baseline 0.007 -26"><span class='ocrx_word' id='word_1_81' title='bbox 58 1418 168 1499; x_wconf 87' lang='lat' dir='ltr'><strong>quitur</strong></span> <span class='ocrx_word' id='word_1_82' title='bbox 192 1420 318 1505; x_wconf 71' lang='lat' dir='ltr'><strong>potita,</strong></span> <span class='ocrx_word' id='word_1_83' title='bbox 341 1427 378 1487; x_wconf 90' lang='lat' dir='ltr'><strong>ut</strong></span> <span class='ocrx_word' id='word_1_84' title='bbox 406 1424 525 1505; x_wconf 88' lang='lat' dir='ltr'><strong>paucis</strong></span> <span class='ocrx_word' id='word_1_85' title='bbox 554 1427 688 1497; x_wconf 82' lang='lat' dir='ltr'><strong>teutrrm</strong></span> <span class='ocrx_word' id='word_1_86' title='bbox 706 1423 804 1487; x_wconf 88' lang='lat' dir='ltr'><strong>lineis</strong></span> <span class='ocrx_word' id='word_1_87' title='bbox 832 1424 943 1488; x_wconf 71' lang='lat' dir='ltr'><strong>dncds</strong></span> <span class='ocrx_word' id='word_1_88' title='bbox 964 1422 1175 1489; x_wconf 77' lang='lat' dir='ltr'><strong>viridissima</strong></span> 
     </span>
     <span class='ocr_line' id='line_1_12' title="bbox 59 1520 1175 1611; baseline 0.008 -32"><span class='ocrx_word' id='word_1_89' title='bbox 59 1520 215 1585; x_wconf 71' lang='lat' dir='ltr'><strong>vitiorum</strong></span> <span class='ocrx_word' id='word_1_90' title='bbox 230 1523 347 1605; x_wconf 82' lang='lat' dir='ltr'><strong>imago</strong></span> <span class='ocrx_word' id='word_1_91' title='bbox 360 1543 539 1607; x_wconf 82' lang='lat' dir='ltr'><strong>eorumque</strong></span> <span class='ocrx_word' id='word_1_92' title='bbox 553 1523 724 1607; x_wconf 88' lang='lat' dir='ltr'><strong>turpitudo</strong></span> <span class='ocrx_word' id='word_1_93' title='bbox 745 1531 780 1588; x_wconf 90' lang='lat' dir='ltr'><strong>ct</strong></span> <span class='ocrx_word' id='word_1_94' title='bbox 800 1524 991 1611; x_wconf 61' lang='lat' dir='ltr'><strong>&amp;termites</strong></span> <span class='ocrx_word' id='word_1_95' title='bbox 1004 1528 1080 1589; x_wconf 87' lang='lat' dir='ltr'><strong>ante</strong></span> <span class='ocrx_word' id='word_1_96' title='bbox 1091 1543 1175 1589; x_wconf 86' lang='lat' dir='ltr'><strong>ocn-</strong></span> 
     </span>
     <span class='ocr_line' id='line_1_13' title="bbox 59 1619 1175 1709; baseline 0.007 -26"><span class='ocrx_word' id='word_1_97' title='bbox 59 1619 110 1683; x_wconf 90' lang='lat' dir='ltr'><strong>los</strong></span> <span class='ocrx_word' id='word_1_98' title='bbox 124 1624 344 1701; x_wconf 82' lang='lat' dir='ltr'><strong>obversetur,</strong></span> <span class='ocrx_word' id='word_1_99' title='bbox 360 1644 437 1691; x_wconf 90' lang='lat' dir='ltr'><strong>cum</strong></span> <span class='ocrx_word' id='word_1_100' title='bbox 451 1626 602 1703; x_wconf 84' lang='lat' dir='ltr'><strong>hominis,</strong></span> <span class='ocrx_word' id='word_1_101' title='bbox 618 1626 672 1691; x_wconf 91' lang='lat' dir='ltr'><strong>cni</strong></span> <span class='ocrx_word' id='word_1_102' title='bbox 695 1646 738 1689; x_wconf 88' lang='lat' dir='ltr'><strong>ea</strong></span> <span class='ocrx_word' id='word_1_103' title='bbox 755 1625 878 1704; x_wconf 88' lang='lat' dir='ltr'><strong>insunt,</strong></span> <span class='ocrx_word' id='word_1_104' title='bbox 892 1626 1067 1703; x_wconf 89' lang='lat' dir='ltr'><strong>sentiendi,</strong></span> <span class='ocrx_word' id='word_1_105' title='bbox 1082 1626 1175 1709; x_wconf 83' lang='lat' dir='ltr'><strong>cogi·</strong></span> 
     </span>
     <span class='ocr_line' id='line_1_14' title="bbox 60 1723 1175 1811; baseline 0.01 -29"><span class='ocrx_word' id='word_1_106' title='bbox 60 1723 149 1787; x_wconf 80' lang='lat' dir='ltr'><strong>tandi</strong></span> <span class='ocrx_word' id='word_1_107' title='bbox 165 1732 200 1791; x_wconf 91' lang='lat' dir='ltr'><strong>et</strong></span> <span class='ocrx_word' id='word_1_108' title='bbox 215 1726 341 1809; x_wconf 84' lang='lat' dir='ltr'><strong>agendi</strong></span> <span class='ocrx_word' id='word_1_109' title='bbox 355 1728 517 1793; x_wconf 90' lang='lat' dir='ltr'><strong>rationem</strong></span> <span class='ocrx_word' id='word_1_110' title='bbox 536 1727 627 1793; x_wconf 87' lang='lat' dir='ltr'><strong>velut</strong></span> <span class='ocrx_word' id='word_1_111' title='bbox 639 1726 749 1791; x_wconf 89' lang='lat' dir='ltr'><strong>oeulis</strong></span> <span class='ocrx_word' id='word_1_112' title='bbox 763 1726 978 1811; x_wconf 83' lang='lat' dir='ltr'><strong>contemplari</strong></span> <span class='ocrx_word' id='word_1_113' title='bbox 991 1726 1175 1793; x_wconf 78' lang='lat' dir='ltr'><strong>videamur.</strong></span> 
     </span>
     <span class='ocr_line' id='line_1_15' title="bbox 64 1818 1177 1910; baseline 0.009 -27"><span class='ocrx_word' id='word_1_114' title='bbox 64 1818 187 1890; x_wconf 85' lang='lat' dir='ltr'><strong>Omnes</strong></span> <span class='ocrx_word' id='word_1_115' title='bbox 202 1828 370 1910; x_wconf 80' lang='lat' dir='ltr'><strong>imagines</strong></span> <span class='ocrx_word' id='word_1_116' title='bbox 384 1834 418 1891; x_wconf 90' lang='lat' dir='ltr'><strong>ct</strong></span> <span class='ocrx_word' id='word_1_117' title='bbox 431 1826 674 1905; x_wconf 82' lang='lat' dir='ltr'><strong>similitudines,</strong></span> <span class='ocrx_word' id='word_1_118' title='bbox 689 1827 811 1909; x_wconf 80' lang='lat' dir='ltr'><strong>quibus</strong></span> <span class='ocrx_word' id='word_1_119' title='bbox 821 1828 937 1905; x_wconf 86' lang='lat' dir='ltr'><strong>utitur,</strong></span> <span class='ocrx_word' id='word_1_120' title='bbox 960 1848 983 1891; x_wconf 87' lang='lat' dir='ltr'><strong>e</strong></span> <span class='ocrx_word' id='word_1_121' title='bbox 1001 1829 1072 1893; x_wconf 81' lang='lat' dir='ltr'><strong>vita</strong></span> <span class='ocrx_word' id='word_1_122' title='bbox 1086 1848 1177 1893; x_wconf 89' lang='lat' dir='ltr'><strong>com·</strong></span> 
     </span>
     <span class='ocr_line' id='line_1_16' title="bbox 62 1926 1239 2013; baseline 0.009 -28"><span class='ocrx_word' id='word_1_123' title='bbox 62 1926 150 1989; x_wconf 85' lang='lat' dir='ltr'><strong>muni</strong></span> <span class='ocrx_word' id='word_1_124' title='bbox 177 1930 314 2011; x_wconf 79' lang='lat' dir='ltr'><strong>petitae,</strong></span> <span class='ocrx_word' id='word_1_125' title='bbox 328 1934 414 2013; x_wconf 72' lang='lat' dir='ltr'><strong>aptes</strong></span> <span class='ocrx_word' id='word_1_126' title='bbox 439 1934 537 2012; x_wconf 84' lang='lat' dir='ltr'><strong>atque</strong></span> <span class='ocrx_word' id='word_1_127' title='bbox 560 1928 705 2010; x_wconf 83' lang='lat' dir='ltr'><strong>insignes</strong></span> <span class='ocrx_word' id='word_1_128' title='bbox 730 1927 852 1991; x_wconf 86' lang='lat' dir='ltr'><strong>debent</strong></span> <span class='ocrx_word' id='word_1_129' title='bbox 875 1948 961 2007; x_wconf 84' lang='lat' dir='ltr'><strong>esse,</strong></span> <span class='ocrx_word' id='word_1_130' title='bbox 984 1931 1173 2013; x_wconf 87' lang='lat' dir='ltr'><strong>omniaque,</strong></span> <span class='ocrx_word' id='word_1_131' title='bbox 1232 1958 1239 1973; x_wconf 92' lang='lat'><strong>·</strong></span> 
     </span>
     <span class='ocr_line' id='line_1_17' title="bbox 66 2030 1173 2113; baseline 0.01 -27"><span class='ocrx_word' id='word_1_132' title='bbox 66 2042 140 2106; x_wconf 81' lang='lat' dir='ltr'><strong>quse</strong></span> <span class='ocrx_word' id='word_1_133' title='bbox 155 2030 382 2111; x_wconf 79' lang='lat' dir='ltr'><strong>proferuntur,</strong></span> <span class='ocrx_word' id='word_1_134' title='bbox 397 2030 446 2095; x_wconf 85' lang='lat' dir='ltr'><strong>itn</strong></span> <span class='ocrx_word' id='word_1_135' title='bbox 460 2030 671 2113; x_wconf 83' lang='lat' dir='ltr'><strong>temperanda</strong></span> <span class='ocrx_word' id='word_1_136' title='bbox 684 2034 772 2107; x_wconf 90' lang='lat' dir='ltr'><strong>sunt,</strong></span> <span class='ocrx_word' id='word_1_137' title='bbox 786 2034 825 2093; x_wconf 88' lang='lat' dir='ltr'><strong>ut</strong></span> <span class='ocrx_word' id='word_1_138' title='bbox 837 2032 893 2112; x_wconf 85' lang='lat' dir='ltr'><strong>agi</strong></span> <span class='ocrx_word' id='word_1_139' title='bbox 908 2031 1090 2108; x_wconf 83' lang='lat' dir='ltr'><strong>rideantur,</strong></span> <span class='ocrx_word' id='word_1_140' title='bbox 1104 2052 1173 2097; x_wconf 88' lang='lat' dir='ltr'><strong>non</strong></span> 
     </span>
     <span class='ocr_line' id='line_1_18' title="bbox 65 2130 1172 2218; baseline 0.01 -29"><span class='ocrx_word' id='word_1_141' title='bbox 65 2130 196 2194; x_wconf 84' lang='lat' dir='ltr'><strong>narrari.</strong></span> <span class='ocrx_word' id='word_1_142' title='bbox 245 2132 365 2209; x_wconf 86' lang='lat' dir='ltr'><strong>Ratio,</strong></span> <span class='ocrx_word' id='word_1_143' title='bbox 380 2152 449 2216; x_wconf 87' lang='lat' dir='ltr'><strong>qne</strong></span> <span class='ocrx_word' id='word_1_144' title='bbox 462 2152 515 2197; x_wconf 87' lang='lat' dir='ltr'><strong>res</strong></span> <span class='ocrx_word' id='word_1_145' title='bbox 529 2131 664 2197; x_wconf 83' lang='lat' dir='ltr'><strong>tractari</strong></span> <span class='ocrx_word' id='word_1_146' title='bbox 678 2133 821 2215; x_wconf 84' lang='lat' dir='ltr'><strong>possint,</strong></span> <span class='ocrx_word' id='word_1_147' title='bbox 835 2134 1009 2217; x_wconf 81' lang='lat' dir='ltr'><strong>multiplex</strong></span> <span class='ocrx_word' id='word_1_148' title='bbox 1022 2140 1084 2212; x_wconf 83' lang='lat' dir='ltr'><strong>est,</strong></span> <span class='ocrx_word' id='word_1_149' title='bbox 1094 2152 1172 2218; x_wconf 84' lang='lat' dir='ltr'><strong>par·</strong></span> 
     </span>
     <span class='ocr_line' id='line_1_19' title="bbox 68 2226 1172 2323; baseline 0.011 -34"><span class='ocrx_word' id='word_1_150' title='bbox 68 2226 226 2311; x_wconf 79' lang='lat' dir='ltr'><strong>timquea</strong></span> <span class='ocrx_word' id='word_1_151' title='bbox 241 2232 358 2315; x_wconf 77' lang='lat' dir='ltr'><strong>politae</strong></span> <span class='ocrx_word' id='word_1_152' title='bbox 382 2234 491 2299; x_wconf 89' lang='lat' dir='ltr'><strong>indole</strong></span> <span class='ocrx_word' id='word_1_153' title='bbox 513 2240 546 2297; x_wconf 90' lang='lat' dir='ltr'><strong>et</strong></span> <span class='ocrx_word' id='word_1_154' title='bbox 565 2240 695 2315; x_wconf 76' lang='lat' dir='ltr'><strong>natura,</strong></span> <span class='ocrx_word' id='word_1_155' title='bbox 704 2236 830 2323; x_wconf 85' lang='lat' dir='ltr'><strong>partim</strong></span> <span class='ocrx_word' id='word_1_156' title='bbox 852 2237 897 2301; x_wconf 81' lang='lat' dir='ltr'><strong>ab</strong></span> <span class='ocrx_word' id='word_1_157' title='bbox 915 2238 1101 2319; x_wconf 83' lang='lat' dir='ltr'><strong>argumenti</strong></span> <span class='ocrx_word' id='word_1_158' title='bbox 1118 2256 1172 2301; x_wconf 86' lang='lat' dir='ltr'><strong>ra·</strong></span> 
     </span>
     <span class='ocr_line' id='line_1_20' title="bbox 69 2326 1173 2419; baseline 0.011 -29"><span class='ocrx_word' id='word_1_159' title='bbox 69 2326 151 2395; x_wconf 90' lang='lat' dir='ltr'><strong>tione</strong></span> <span class='ocrx_word' id='word_1_160' title='bbox 166 2334 307 2415; x_wconf 84' lang='lat' dir='ltr'><strong>pendet.</strong></span> <span class='ocrx_word' id='word_1_161' title='bbox 350 2336 488 2419; x_wconf 84' lang='lat' dir='ltr'><strong>Semper</strong></span> <span class='ocrx_word' id='word_1_162' title='bbox 503 2341 612 2401; x_wconf 87' lang='lat' dir='ltr'><strong>autem</strong></span> <span class='ocrx_word' id='word_1_163' title='bbox 628 2336 755 2418; x_wconf 84' lang='lat' dir='ltr'><strong>impetu</strong></span> <span class='ocrx_word' id='word_1_164' title='bbox 779 2336 893 2419; x_wconf 88' lang='lat' dir='ltr'><strong>aliquo</strong></span> <span class='ocrx_word' id='word_1_165' title='bbox 916 2337 1037 2402; x_wconf 89' lang='lat' dir='ltr'><strong>ductus</strong></span> <span class='ocrx_word' id='word_1_166' title='bbox 1062 2338 1173 2403; x_wconf 64' lang='lat' dir='ltr'><strong>catina</strong></span> 
     </span>
     <span class='ocr_line' id='line_1_21' title="bbox 70 2434 1173 2522; baseline 0.011 -32"><span class='ocrx_word' id='word_1_167' title='bbox 70 2447 126 2492; x_wconf 88' lang='lat' dir='ltr'><strong>cus</strong></span> <span class='ocrx_word' id='word_1_168' title='bbox 145 2434 253 2499; x_wconf 77' lang='lat' dir='ltr'><strong>videri</strong></span> <span class='ocrx_word' id='word_1_169' title='bbox 281 2436 381 2503; x_wconf 87' lang='lat' dir='ltr'><strong>debet</strong></span> <span class='ocrx_word' id='word_1_170' title='bbox 401 2438 454 2501; x_wconf 82' lang='lat' dir='ltr'><strong>vcl</strong></span> <span class='ocrx_word' id='word_1_171' title='bbox 477 2436 601 2501; x_wconf 90' lang='lat' dir='ltr'><strong>ridendi</strong></span> <span class='ocrx_word' id='word_1_172' title='bbox 626 2436 680 2501; x_wconf 83' lang='lat' dir='ltr'><strong>vel</strong></span> <span class='ocrx_word' id='word_1_173' title='bbox 704 2438 875 2521; x_wconf 72' lang='lat' dir='ltr'><strong>cnqrendi,</strong></span> <span class='ocrx_word' id='word_1_174' title='bbox 898 2439 1173 2522; x_wconf 76' lang='lat' dir='ltr'><strong>occasionemque</strong></span> 
     </span>
     <span class='ocr_line' id='line_1_22' title="bbox 69 2530 1173 2623; baseline 0.01 -31"><span class='ocrx_word' id='word_1_175' title='bbox 69 2530 209 2601; x_wconf 83' lang='lat' dir='ltr'><strong>oblatum</strong></span> <span class='ocrx_word' id='word_1_176' title='bbox 225 2540 420 2622; x_wconf 87' lang='lat' dir='ltr'><strong>arripuisse,</strong></span> <span class='ocrx_word' id='word_1_177' title='bbox 436 2558 501 2603; x_wconf 88' lang='lat' dir='ltr'><strong>non</strong></span> <span class='ocrx_word' id='word_1_178' title='bbox 516 2539 735 2623; x_wconf 74' lang='lat' dir='ltr'><strong>quaesivisse;</strong></span> <span class='ocrx_word' id='word_1_179' title='bbox 756 2540 919 2621; x_wconf 88' lang='lat' dir='ltr'><strong>optimum</strong></span> <span class='ocrx_word' id='word_1_180' title='bbox 932 2540 1030 2619; x_wconf 83' lang='lat' dir='ltr'><strong>igitur</strong></span> <span class='ocrx_word' id='word_1_181' title='bbox 1040 2539 1173 2603; x_wconf 88' lang='lat' dir='ltr'><strong>dicendi</strong></span> 
     </span>
     <span class='ocr_line' id='line_1_23' title="bbox 71 2636 1174 2723; baseline 0.009 -30"><span class='ocrx_word' id='word_1_182' title='bbox 71 2649 180 2713; x_wconf 82' lang='lat' dir='ltr'><strong>genus,</strong></span> <span class='ocrx_word' id='word_1_183' title='bbox 196 2639 295 2722; x_wconf 81' lang='lat' dir='ltr'><strong>qnod</strong></span> <span class='ocrx_word' id='word_1_184' title='bbox 306 2640 463 2705; x_wconf 85' lang='lat' dir='ltr'><strong>adhibere</strong></span> <span class='ocrx_word' id='word_1_185' title='bbox 477 2640 597 2723; x_wconf 86' lang='lat' dir='ltr'><strong>pessit,</strong></span> <span class='ocrx_word' id='word_1_186' title='bbox 612 2639 677 2703; x_wconf 91' lang='lat' dir='ltr'><strong>hoe</strong></span> <span class='ocrx_word' id='word_1_187' title='bbox 697 2644 760 2715; x_wconf 89' lang='lat' dir='ltr'><strong>cst,</strong></span> <span class='ocrx_word' id='word_1_188' title='bbox 786 2636 878 2721; x_wconf 90' lang='lat' dir='ltr'><strong>quod</strong></span> <span class='ocrx_word' id='word_1_189' title='bbox 900 2644 1021 2721; x_wconf 87' lang='lat' dir='ltr'><strong>sponte</strong></span> <span class='ocrx_word' id='word_1_190' title='bbox 1041 2646 1076 2703; x_wconf 88' lang='lat' dir='ltr'><strong>ct</strong></span> <span class='ocrx_word' id='word_1_191' title='bbox 1095 2658 1116 2701; x_wconf 88' lang='lat' dir='ltr'><strong>e</strong></span> <span class='ocrx_word' id='word_1_192' title='bbox 1136 2658 1174 2703; x_wconf 87' lang='lat' dir='ltr'><strong>re</strong></span> 
     </span>
     <span class='ocr_line' id='line_1_24' title="bbox 71 2736 1173 2824; baseline 0.008 -30"><span class='ocrx_word' id='word_1_193' title='bbox 71 2736 188 2815; x_wconf 84' lang='lat' dir='ltr'><strong>natum,</strong></span> <span class='ocrx_word' id='word_1_194' title='bbox 204 2759 274 2805; x_wconf 91' lang='lat' dir='ltr'><strong>non</strong></span> <span class='ocrx_word' id='word_1_195' title='bbox 299 2740 356 2803; x_wconf 91' lang='lat' dir='ltr'><strong>diu</strong></span> <span class='ocrx_word' id='word_1_196' title='bbox 381 2744 558 2824; x_wconf 80' lang='lat' dir='ltr'><strong>quaesitrmr</strong></span> <span class='ocrx_word' id='word_1_197' title='bbox 573 2739 712 2803; x_wconf 90' lang='lat' dir='ltr'><strong>videtur.</strong></span> <span class='ocrx_word' id='word_1_198' title='bbox 758 2738 799 2803; x_wconf 92' lang='lat' dir='ltr'><strong>In</strong></span> <span class='ocrx_word' id='word_1_199' title='bbox 811 2758 878 2822; x_wconf 91' lang='lat' dir='ltr'><strong>quo</strong></span> <span class='ocrx_word' id='word_1_200' title='bbox 891 2740 993 2804; x_wconf 86' lang='lat' dir='ltr'><strong>ctiam</strong></span> <span class='ocrx_word' id='word_1_201' title='bbox 1005 2756 1068 2805; x_wconf 85' lang='lat' dir='ltr'><strong>nec</strong></span> <span class='ocrx_word' id='word_1_202' title='bbox 1082 2758 1173 2805; x_wconf 87' lang='lat' dir='ltr'><strong>acer·</strong></span> 
     </span>
     <span class='ocr_line' id='line_1_25' title="bbox 73 2829 1175 2923; baseline 0.011 -30"><span class='ocrx_word' id='word_1_203' title='bbox 73 2829 154 2899; x_wconf 82' lang='lat' dir='ltr'><strong>bites</strong></span> <span class='ocrx_word' id='word_1_204' title='bbox 179 2848 283 2907; x_wconf 90' lang='lat' dir='ltr'><strong>nocet</strong></span> <span class='ocrx_word' id='word_1_205' title='bbox 305 2861 363 2905; x_wconf 88' lang='lat' dir='ltr'><strong>nco</strong></span> <span class='ocrx_word' id='word_1_206' title='bbox 389 2842 579 2917; x_wconf 86' lang='lat' dir='ltr'><strong>acrimonia,</strong></span> <span class='ocrx_word' id='word_1_207' title='bbox 607 2842 635 2903; x_wconf 94' lang='lat' dir='ltr'><strong>si</strong></span> <span class='ocrx_word' id='word_1_208' title='bbox 662 2860 715 2905; x_wconf 86' lang='lat' dir='ltr'><strong>res</strong></span> <span class='ocrx_word' id='word_1_209' title='bbox 738 2842 786 2906; x_wconf 80' lang='lat' dir='ltr'><strong>itu</strong></span> <span class='ocrx_word' id='word_1_210' title='bbox 808 2842 968 2923; x_wconf 86' lang='lat' dir='ltr'><strong>postulat,</strong></span> <span class='ocrx_word' id='word_1_211' title='bbox 993 2839 1175 2905; x_wconf 84' lang='lat' dir='ltr'><strong>dnmmodo</strong></span> 
     </span>
     <span class='ocr_line' id='line_1_26' title="bbox 73 2934 1175 3027; baseline 0.011 -32"><span class='ocrx_word' id='word_1_212' title='bbox 73 2934 192 3003; x_wconf 83' lang='lat' dir='ltr'><strong>salibus</strong></span> <span class='ocrx_word' id='word_1_213' title='bbox 207 2948 242 3008; x_wconf 90' lang='lat' dir='ltr'><strong>et</strong></span> <span class='ocrx_word' id='word_1_214' title='bbox 255 2945 444 3008; x_wconf 80' lang='lat' dir='ltr'><strong>urbanitate</strong></span> <span class='ocrx_word' id='word_1_215' title='bbox 466 2942 610 3027; x_wconf 85' lang='lat' dir='ltr'><strong>quadarn</strong></span> <span class='ocrx_word' id='word_1_216' title='bbox 628 2947 808 3027; x_wconf 82' lang='lat' dir='ltr'><strong>temperata</strong></span> <span class='ocrx_word' id='word_1_217' title='bbox 821 2944 877 3020; x_wconf 85' lang='lat' dir='ltr'><strong>sit,</strong></span> <span class='ocrx_word' id='word_1_218' title='bbox 889 2962 931 3007; x_wconf 89' lang='lat' dir='ltr'><strong>ne</strong></span> <span class='ocrx_word' id='word_1_219' title='bbox 944 2943 979 3005; x_wconf 91' lang='lat' dir='ltr'><strong>in</strong></span> <span class='ocrx_word' id='word_1_220' title='bbox 991 2960 1083 3007; x_wconf 84' lang='lat' dir='ltr'><strong>mera</strong></span> <span class='ocrx_word' id='word_1_221' title='bbox 1096 2961 1175 3007; x_wconf 89' lang='lat' dir='ltr'><strong>con·</strong></span> 
     </span>
     <span class='ocr_line' id='line_1_27' title="bbox 74 3035 1175 3129; baseline 0.012 -33"><span class='ocrx_word' id='word_1_222' title='bbox 74 3035 158 3102; x_wconf 73' lang='lat' dir='ltr'><strong>vicia</strong></span> <span class='ocrx_word' id='word_1_223' title='bbox 171 3062 226 3107; x_wconf 90' lang='lat' dir='ltr'><strong>res</strong></span> <span class='ocrx_word' id='word_1_224' title='bbox 240 3046 350 3110; x_wconf 81' lang='lat' dir='ltr'><strong>abeat.</strong></span> <span class='ocrx_word' id='word_1_225' title='bbox 395 3045 433 3109; x_wconf 94' lang='lat' dir='ltr'><strong>Si</strong></span> <span class='ocrx_word' id='word_1_226' title='bbox 456 3065 533 3111; x_wconf 91' lang='lat' dir='ltr'><strong>vero</strong></span> <span class='ocrx_word' id='word_1_227' title='bbox 548 3044 693 3110; x_wconf 88' lang='lat' dir='ltr'><strong>studium</strong></span> <span class='ocrx_word' id='word_1_228' title='bbox 707 3050 855 3129; x_wconf 86' lang='lat' dir='ltr'><strong>apparet,</strong></span> <span class='ocrx_word' id='word_1_229' title='bbox 870 3045 977 3109; x_wconf 87' lang='lat' dir='ltr'><strong>omnis</strong></span> <span class='ocrx_word' id='word_1_230' title='bbox 990 3044 1103 3107; x_wconf 77' lang='lat' dir='ltr'><strong>satirae</strong></span> <span class='ocrx_word' id='word_1_231' title='bbox 1120 3044 1175 3109; x_wconf 82' lang='lat' dir='ltr'><strong>ris</strong></span> 
     </span>
     <span class='ocr_line' id='line_1_28' title="bbox 75 3141 1173 3230; baseline 0.005 -27"><span class='ocrx_word' id='word_1_232' title='bbox 75 3141 316 3218; x_wconf 83' lang='lat' dir='ltr'><strong>quedammodo</strong></span> <span class='ocrx_word' id='word_1_233' title='bbox 343 3147 529 3213; x_wconf 85' lang='lat' dir='ltr'><strong>debilitatur</strong></span> <span class='ocrx_word' id='word_1_234' title='bbox 554 3152 586 3211; x_wconf 90' lang='lat' dir='ltr'><strong>ct</strong></span> <span class='ocrx_word' id='word_1_235' title='bbox 609 3148 777 3229; x_wconf 78' lang='lat' dir='ltr'><strong>frangitur,</strong></span> <span class='ocrx_word' id='word_1_236' title='bbox 801 3146 984 3230; x_wconf 81' lang='lat' dir='ltr'><strong>pracsertim</strong></span> <span class='ocrx_word' id='word_1_237' title='bbox 1003 3144 1038 3208; x_wconf 92' lang='lat' dir='ltr'><strong>id</strong></span> <span class='ocrx_word' id='word_1_238' title='bbox 1059 3163 1173 3227; x_wconf 55' lang='lat' dir='ltr'><strong>mnus,</strong></span> 
     </span>
     <span class='ocr_line' id='line_1_29' title="bbox 76 3243 1174 3329; baseline 0.009 -28"><span class='ocrx_word' id='word_1_239' title='bbox 76 3243 160 3319; x_wconf 92' lang='lat' dir='ltr'><strong>quod</strong></span> <span class='ocrx_word' id='word_1_240' title='bbox 174 3248 242 3312; x_wconf 90' lang='lat' dir='ltr'><strong>risu</strong></span> <span class='ocrx_word' id='word_1_241' title='bbox 257 3258 291 3312; x_wconf 87' lang='lat' dir='ltr'><strong>ct</strong></span> <span class='ocrx_word' id='word_1_242' title='bbox 305 3250 433 3315; x_wconf 82' lang='lat' dir='ltr'><strong>facetiis</strong></span> <span class='ocrx_word' id='word_1_243' title='bbox 448 3250 619 3315; x_wconf 87' lang='lat' dir='ltr'><strong>hominurn</strong></span> <span class='ocrx_word' id='word_1_244' title='bbox 634 3249 807 3313; x_wconf 84' lang='lat' dir='ltr'><strong>stultitiam</strong></span> <span class='ocrx_word' id='word_1_245' title='bbox 822 3247 981 3329; x_wconf 83' lang='lat' dir='ltr'><strong>exagitat.</strong></span> <span class='ocrx_word' id='word_1_246' title='bbox 1025 3246 1087 3311; x_wconf 81' lang='lat' dir='ltr'><strong>Est</strong></span> <span class='ocrx_word' id='word_1_247' title='bbox 1100 3247 1174 3329; x_wconf 93' lang='lat' dir='ltr'><strong>qni·</strong></span> 
     </span>
     <span class='ocr_line' id='line_1_30' title="bbox 77 3336 1172 3436; baseline 0.012 -36"><span class='ocrx_word' id='word_1_248' title='bbox 77 3336 148 3405; x_wconf 85' lang='lat' dir='ltr'><strong>dam</strong></span> <span class='ocrx_word' id='word_1_249' title='bbox 161 3367 268 3415; x_wconf 85' lang='lat' dir='ltr'><strong>rerum</strong></span> <span class='ocrx_word' id='word_1_250' title='bbox 282 3351 377 3429; x_wconf 91' lang='lat' dir='ltr'><strong>ordo,</strong></span> <span class='ocrx_word' id='word_1_251' title='bbox 392 3354 450 3435; x_wconf 94' lang='lat' dir='ltr'><strong>qni</strong></span> <span class='ocrx_word' id='word_1_252' title='bbox 465 3353 573 3436; x_wconf 91' lang='lat' dir='ltr'><strong>primo</strong></span> <span class='ocrx_word' id='word_1_253' title='bbox 589 3356 728 3435; x_wconf 88' lang='lat' dir='ltr'><strong>aspectu</strong></span> <span class='ocrx_word' id='word_1_254' title='bbox 743 3350 872 3415; x_wconf 83' lang='lat' dir='ltr'><strong>solutus</strong></span> <span class='ocrx_word' id='word_1_255' title='bbox 894 3367 968 3413; x_wconf 74' lang='lat' dir='ltr'><strong>csse</strong></span> <span class='ocrx_word' id='word_1_256' title='bbox 987 3346 1172 3413; x_wconf 80' lang='lat' dir='ltr'><strong>videturne</strong></span> 
     </span>
     <span class='ocr_line' id='line_1_31' title="bbox 77 3436 1209 3534; baseline 0.011 -33"><span class='ocrx_word' id='word_1_257' title='bbox 77 3436 164 3523; x_wconf 86' lang='lat' dir='ltr'><strong>liber,</strong></span> <span class='ocrx_word' id='word_1_258' title='bbox 179 3454 290 3531; x_wconf 81' lang='lat' dir='ltr'><strong>qualis</strong></span> <span class='ocrx_word' id='word_1_259' title='bbox 304 3472 376 3517; x_wconf 89' lang='lat' dir='ltr'><strong>esse</strong></span> <span class='ocrx_word' id='word_1_260' title='bbox 392 3454 490 3531; x_wconf 84' lang='lat' dir='ltr'><strong>solet,</strong></span> <span class='ocrx_word' id='word_1_261' title='bbox 506 3472 581 3517; x_wconf 89' lang='lat' dir='ltr'><strong>cum</strong></span> <span class='ocrx_word' id='word_1_262' title='bbox 597 3453 664 3534; x_wconf 92' lang='lat' dir='ltr'><strong>ipsi</strong></span> <span class='ocrx_word' id='word_1_263' title='bbox 678 3450 782 3533; x_wconf 86' lang='lat' dir='ltr'><strong>quieti</strong></span> <span class='ocrx_word' id='word_1_264' title='bbox 797 3448 1000 3532; x_wconf 84' lang='lat' dir='ltr'><strong>imaginandi</strong></span> <span class='ocrx_word' id='word_1_265' title='bbox 1014 3448 1171 3514; x_wconf 59' lang='lat' dir='ltr'><strong>iaculati</strong></span> <span class='ocrx_word' id='word_1_266' title='bbox 1205 3452 1209 3460; x_wconf 82' lang='grc'><em>“</em></span> 
     </span>
     <span class='ocr_line' id='line_1_32' title="bbox 78 3550 1171 3636; baseline -0.005 -15"><span class='ocrx_word' id='word_1_267' title='bbox 78 3551 289 3621; x_wconf 67' lang='lat' dir='ltr'><strong>permittimus</strong></span> <span class='ocrx_word' id='word_1_268' title='bbox 313 3556 347 3617; x_wconf 95' lang='lat' dir='ltr'><strong>in</strong></span> <span class='ocrx_word' id='word_1_269' title='bbox 368 3555 570 3619; x_wconf 86' lang='lat' dir='ltr'><strong>latissimum</strong></span> <span class='ocrx_word' id='word_1_270' title='bbox 584 3574 688 3618; x_wconf 73' lang='lat' dir='ltr'><strong>renem</strong></span> <span class='ocrx_word' id='word_1_271' title='bbox 705 3570 872 3635; x_wconf 85' lang='lat' dir='ltr'><strong>campum,</strong></span> <span class='ocrx_word' id='word_1_272' title='bbox 895 3570 1105 3636; x_wconf 84' lang='lat' dir='ltr'><strong>quacumque</strong></span> <span class='ocrx_word' id='word_1_273' title='bbox 1118 3550 1171 3615; x_wconf 88' lang='lat' dir='ltr'><strong>lu·</strong></span> 
     </span>
     <span class='ocr_line' id='line_1_33' title="bbox 79 3640 1174 3739; baseline 0.006 -29"><span class='ocrx_word' id='word_1_274' title='bbox 79 3640 139 3723; x_wconf 86' lang='lat' dir='ltr'><strong>bet,</strong></span> <span class='ocrx_word' id='word_1_275' title='bbox 154 3657 331 3737; x_wconf 82' lang='lat' dir='ltr'><strong>expetisti,</strong></span> <span class='ocrx_word' id='word_1_276' title='bbox 356 3676 424 3739; x_wconf 91' lang='lat' dir='ltr'><strong>quo</strong></span> <span class='ocrx_word' id='word_1_277' title='bbox 439 3662 517 3721; x_wconf 88' lang='lat' dir='ltr'><strong>tunc</strong></span> <span class='ocrx_word' id='word_1_278' title='bbox 540 3658 575 3720; x_wconf 95' lang='lat' dir='ltr'><strong>in</strong></span> <span class='ocrx_word' id='word_1_279' title='bbox 595 3655 707 3719; x_wconf 89' lang='lat' dir='ltr'><strong>animo</strong></span> <span class='ocrx_word' id='word_1_280' title='bbox 720 3674 774 3719; x_wconf 90' lang='lat' dir='ltr'><strong>res</strong></span> <span class='ocrx_word' id='word_1_281' title='bbox 788 3653 901 3731; x_wconf 87' lang='lat' dir='ltr'><strong>rebus,</strong></span> <span class='ocrx_word' id='word_1_282' title='bbox 914 3654 1076 3734; x_wconf 80' lang='lat' dir='ltr'><strong>imagines</strong></span> <span class='ocrx_word' id='word_1_283' title='bbox 1089 3652 1174 3717; x_wconf 86' lang='lat' dir='ltr'><strong>ima·</strong></span> 
     </span>
    </p>
   </div>
   <div class='ocr_carea' id='block_1_3' title="bbox 80 3744 1174 4246">
    <p class='ocr_par' dir='ltr' id='par_1_3' title="bbox 80 3744 1174 4135">
     <span class='ocr_line' id='line_1_34' title="bbox 80 3744 1173 3841; baseline 0.006 -33"><span class='ocrx_word' id='word_1_284' title='bbox 80 3744 203 3822; x_wconf 79' lang='lat' dir='ltr'><strong>ginibus</strong></span> <span class='ocrx_word' id='word_1_285' title='bbox 219 3758 396 3823; x_wconf 86' lang='lat' dir='ltr'><strong>succedere</strong></span> <span class='ocrx_word' id='word_1_286' title='bbox 410 3760 548 3835; x_wconf 87' lang='lat' dir='ltr'><strong>soleant,</strong></span> <span class='ocrx_word' id='word_1_287' title='bbox 574 3764 670 3841; x_wconf 89' lang='lat' dir='ltr'><strong>prout</strong></span> <span class='ocrx_word' id='word_1_288' title='bbox 692 3756 748 3821; x_wconf 83' lang='lat' dir='ltr'><strong>rel</strong></span> <span class='ocrx_word' id='word_1_289' title='bbox 773 3756 872 3821; x_wconf 88' lang='lat' dir='ltr'><strong>simul</strong></span> <span class='ocrx_word' id='word_1_290' title='bbox 894 3755 1019 3838; x_wconf 82' lang='lat' dir='ltr'><strong>jnnetse</strong></span> <span class='ocrx_word' id='word_1_291' title='bbox 1041 3753 1173 3829; x_wconf 83' lang='lat' dir='ltr'><strong>fuerint,</strong></span> 
     </span>
     <span class='ocr_line' id='line_1_35' title="bbox 81 3848 1174 3945; baseline 0.004 -34"><span class='ocrx_word' id='word_1_292' title='bbox 81 3848 130 3911; x_wconf 83' lang='lat' dir='ltr'><strong>vel</strong></span> <span class='ocrx_word' id='word_1_293' title='bbox 142 3854 352 3923; x_wconf 87' lang='lat' dir='ltr'><strong>similitudine</strong></span> <span class='ocrx_word' id='word_1_294' title='bbox 373 3861 485 3945; x_wconf 86' lang='lat' dir='ltr'><strong>aliqua</strong></span> <span class='ocrx_word' id='word_1_295' title='bbox 505 3860 670 3943; x_wconf 75' lang='lat' dir='ltr'><strong>copulatae</strong></span> <span class='ocrx_word' id='word_1_296' title='bbox 684 3860 761 3923; x_wconf 90' lang='lat' dir='ltr'><strong>sint.</strong></span> <span class='ocrx_word' id='word_1_297' title='bbox 805 3856 907 3922; x_wconf 89' lang='lat' dir='ltr'><strong>Hunc</strong></span> <span class='ocrx_word' id='word_1_298' title='bbox 930 3854 1076 3919; x_wconf 88' lang='lat' dir='ltr'><strong>ordinem</strong></span> <span class='ocrx_word' id='word_1_299' title='bbox 1099 3854 1174 3916; x_wconf 89' lang='lat' dir='ltr'><strong>imi·</strong></span> 
     </span>
     <span class='ocr_line' id='line_1_36' title="bbox 83 3948 1173 4045; baseline 0.008 -36"><span class='ocrx_word' id='word_1_300' title='bbox 83 3948 196 4020; x_wconf 80' lang='lat' dir='ltr'><strong>labitur</strong></span> <span class='ocrx_word' id='word_1_301' title='bbox 209 3962 381 4027; x_wconf 85' lang='lat' dir='ltr'><strong>satirarum</strong></span> <span class='ocrx_word' id='word_1_302' title='bbox 393 3962 544 4045; x_wconf 89' lang='lat' dir='ltr'><strong>scriptor,</strong></span> <span class='ocrx_word' id='word_1_303' title='bbox 561 3980 789 4043; x_wconf 87' lang='lat' dir='ltr'><strong>summamque</strong></span> <span class='ocrx_word' id='word_1_304' title='bbox 803 3962 905 4023; x_wconf 58' lang='lat' dir='ltr'><strong>mum</strong></span> <span class='ocrx_word' id='word_1_305' title='bbox 925 3958 961 4022; x_wconf 90' lang='lat' dir='ltr'><strong>in</strong></span> <span class='ocrx_word' id='word_1_306' title='bbox 980 3954 1071 4021; x_wconf 88' lang='lat' dir='ltr'><strong>omni</strong></span> <span class='ocrx_word' id='word_1_307' title='bbox 1092 3954 1173 4019; x_wconf 89' lang='lat' dir='ltr'><strong>artis</strong></span> 
     </span>
     <span class='ocr_line' id='line_1_37' title="bbox 82 4056 668 4135; baseline 0.015 -16"><span class='ocrx_word' id='word_1_308' title='bbox 82 4056 261 4135; x_wconf 76' lang='lat' dir='ltr'><strong>suspicione</strong></span> <span class='ocrx_word' id='word_1_309' title='bbox 276 4063 462 4129; x_wconf 78' lang='lat' dir='ltr'><strong>amovenda</strong></span> <span class='ocrx_word' id='word_1_310' title='bbox 476 4062 668 4129; x_wconf 82' lang='lat' dir='ltr'><strong>declarabit.</strong></span> 
     </span>
    </p>

    <p class='ocr_par' dir='ltr' id='par_1_4' title="bbox 123 4150 1173 4246">
     <span class='ocr_line' id='line_1_38' title="bbox 123 4150 1173 4246; baseline -0.008 -17"><span class='ocrx_word' id='word_1_311' title='bbox 123 4150 186 4221; x_wconf 78' lang='lat' dir='ltr'><strong>His</strong></span> <span class='ocrx_word' id='word_1_312' title='bbox 199 4160 292 4231; x_wconf 86' lang='lat' dir='ltr'><strong>lineis</strong></span> <span class='ocrx_word' id='word_1_313' title='bbox 315 4163 357 4232; x_wconf 89' lang='lat' dir='ltr'><strong>de</strong></span> <span class='ocrx_word' id='word_1_314' title='bbox 382 4165 535 4233; x_wconf 85' lang='lat' dir='ltr'><strong>universo</strong></span> <span class='ocrx_word' id='word_1_315' title='bbox 549 4182 663 4246; x_wconf 89' lang='lat' dir='ltr'><strong>genere</strong></span> <span class='ocrx_word' id='word_1_316' title='bbox 685 4162 822 4227; x_wconf 85' lang='lat' dir='ltr'><strong>satirico</strong></span> <span class='ocrx_word' id='word_1_317' title='bbox 834 4159 955 4237; x_wconf 75' lang='lat' dir='ltr'><strong>dncds,</strong></span> <span class='ocrx_word' id='word_1_318' title='bbox 969 4156 1014 4224; x_wconf 83' lang='lat' dir='ltr'><strong>ud</strong></span> <span class='ocrx_word' id='word_1_319' title='bbox 1026 4160 1173 4223; x_wconf 86' lang='lat' dir='ltr'><strong>nostrum</strong></span> 
     </span>
    </p>
   </div>
   <div class='ocr_carea' id='block_1_4' title="bbox 0 0 1469 4817">
    <p class='ocr_par' dir='ltr' id='par_1_5' title="bbox 0 0 1469 4817">
     <span class='ocr_line' id='line_1_39' title="bbox 0 0 1469 4817; baseline 0 0"><span class='ocrx_word' id='word_1_320' title='bbox 0 0 1469 4817; x_wconf 95' lang='lat' dir='ltr'><strong> </strong></span> 
     </span>
    </p>
   </div>
  </div>
 </body>
</html>
