2850 4817
235 358 282 425 76
618 378 655 427 a.
681 378 805 427 ranan
831 379 965 431 rutum

235 516 333 585 Anne
346 522 455 605 magia
468 520 574 585 Siculi
588 526 781 604 gemuerunt
794 540 865 587 tera
873 523 1026 607 juvenci,

234 619 305 687 Aut
319 625 424 705 megia
438 624 564 689 auratis
579 625 726 707 pendens
740 625 954 708 laquearibus
967 628 1061 690 enain
1310 626 1346 689 Β

235 722 422 807 Purpureas
436 726 549 789 subter
563 728 711 791 cervices
725 728 847 804 temnit,
863 728 954 805 amar,

233 862 333 907 ceream.
367 858 407 907 An
417 873 451 907 ea
459 860 524 908 tauri
535 859 611 909 Siculi
624 861 723 922 mqiorer
736 862 813 911 edidit
821 864 939 923 genitam
955 868 979 912 et
986 862 1085 924 gladios
1100 876 1116 910 e
1126 859 1289 910 humit-
1296 874 1349 908 m

232 920 329 971 inlecti·
337 936 460 987 turpem
466 926 521 988 plne
531 925 661 985 tremefecit
669 942 776 991 mare
785 934 926 978 aarum
934 933 1007 993 capet
1017 927 1059 977 aab
1070 941 1110 989 ee,
1117 942 1194 990 qm
1201 928 1227 975 ei
1239 927 1301 991 qnia
1309 924 1349 973 neu·

703 1038 867 1056 ”neuun

233 1102 266 1149 ll
283 1098 325 1149 lta
336 1100 501 1152 scribendum
514 1110 570 1155 eet:
588 1105 724 1168 tangebant,
735 1106 849 1170 inquam,
859 1120 910 1155 uon
925 1104 1054 1170 timebam,
1064 1103 1134 1170 qnod
1146 1110 1179 1153 et
1190 1104 1350 1153 membran
1417 1131 1418 1166 q

233 1276 353 1329 Finibus:
380 1280 542 1331 ‘Oculorum
565 1282 590 1331 ln
612 1282 686 1333 nobie
710 1297 767 1333 reu·
807 1282 978 1347 uonmupitua
996 1282 1174 1331 imitarentur.
1211 1280 1281 1344 Ipse
1291 1295 1351 1329 vera

233 1368 275 1413 tua
287 1362 327 1405 ent
342 1358 492 1422 acerrimus,
504 1358 598 1422 quibua
610 1360 766 1421 sapientiem
806 1357 912 1410 Artifex
923 1362 950 1409 iu
961 1376 1019 1411 enm
1029 1360 1159 1409 immissus
1172 1358 1281 1423 primns
1290 1359 1350 1407 ertia

232 1446 283 1482 non
301 1434 438 1484 cerninnu.
473 1436 557 1488 Quam
579 1436 623 1485 illa
643 1435 765 1485 ardentes
805 1437 1014 1500 saeperimlau
1035 1434 1108 1485 feeit.
1143 1436 1192 1484 De
1221 1450 1258 1485 eo
1285 1436 1351 1484 Pila.

232 1522 333 1559 amorea
352 1511 480 1561 excitaret
501 1512 549 1573 eni,
569 1512 589 1561 al
608 1510 765 1562 ridereturl'
806 1525 905 1565 xxxiv.
922 1516 947 1563 8.
970 1514 979 1539 ‘
990 1512 1118 1562 Perillura
1137 1526 1219 1562 nemo
1240 1512 1350 1571 laedat}

233 1584 311 1638 Hunc
331 1588 411 1639 Tullii
435 1589 519 1638 locum
540 1589 645 1640 videtur
660 1602 766 1652 exprea-
805 1590 899 1653 inquit,
924 1589 1077 1638 ‘saeviorem
1088 1588 1350 1653 Phalaride'l'ym·

231 1662 294 1711 a'nae
304 1662 416 1713 Sanetus
426 1662 586 1727 Augustinus
595 1664 766 1715 Enarratione
804 1666 899 1731 uo‚qui
910 1673 1012 1716 taurum
1025 1664 1098 1726 tecit,
1106 1665 1226 1729 magiam
1238 1666 1349 1716 hominia

231 1740 257 1788 in
268 1739 399 1790 Pntnnn
411 1745 452 1790 dl.
470 1742 514 1791 ubi
526 1741 563 1790 sic
580 1739 673 1789 hebet:
691 1740 766 1790 ‘lin
805 1743 945 1807 pollicitae,
967 1742 1028 1807 igue
1047 1740 1168 1801 aubditn;
1198 1750 1228 1790 et
1251 1744 1349 1805 prinae

230 1815 277 1865 ber
291 1818 378 1867 octrloa
391 1816 462 1879 foria,
481 1817 549 1867 unde
561 1818 649 1867 videas
660 1831 764 1866 aurum:
804 1835 864 1869 earn
876 1826 999 1885 exportat
1015 1820 1160 1868 cruciatum
1171 1818 1294 1881 justiore
1304 1834 1350 1867 aar·

229 1893 300 1943 intua
320 1894 471 1955 estoculnc,
489 1894 556 1945 uude
575 1894 693 1943 videatur
708 1893 765 1957 pul·
803 1896 887 1947 vltin'

229 1967 349 2017 claritudo
357 1966 638 2032 jastium—Qunam
650 1984 713 2032 ergo
723 1977 765 2019 ert
836 1980 868 2025 to
885 1974 986 2024 Auratis
993 1974 1097 2039 penalem
1110 1973 1271 2036 laquartlm
1278 1972 1349 2037 raris]

229 2041 397 2107 pulchritudo
404 2045 529 2109 justitiae,
547 2060 623 2109 quam
647 2044 763 2093 videmur
803 2052 947 2115 Suspensus
974 2066 989 2101 e
1014 2051 1131 2114 laqueari
1159 2050 1272 2113 gladius
1292 2060 1348 2098 sem

230 2118 311 2169 eculin
322 2118 417 2184 cordia,
434 2128 461 2169 et
473 2135 596 2179 amamur,
605 2126 631 2169 et
642 2122 764 2171 exardes·
804 2128 907 2193 equina,
916 2135 944 2178 et
955 2126 1089 2176 imminens
1105 2124 1191 2190 capiti
1211 2126 1347 2175 Damoeta

228 2194 384 2258 cimue,’&e.
419 2196 471 2245 Alii
485 2197 583 2259 legunt,
597 2197 717 2246 Virtutem
727 2200 764 2247 in-
804 2204 873 2268 apud
893 2204 1049 2267 Dionysium
1067 2202 1162 2251 Siclliae
1181 2202 1347 2267 lynunnm.

229 2272 336 2335 videant,
348 2272 398 2333 vel,
414 2272 506 2321 Virtuti
518 2273 648 2334 invideant,
659 2274 763 2326 ecilioet
803 2282 875 2331 Nota
885 2280 992 2329 historia
1003 2294 1036 2328 ex
1045 2279 1100 2329 Cio.
1108 2280 1187 2329 Taso.
1201 2280 1311 2330 Quaen
1320 2293 1346 2329 r.

228 2348 346 2399 alionum:
368 2348 441 2413 parvi
452 2356 526 2399 certe
538 2351 654 2401 intereat.
804 2357 922 2421 llecrolr.
939 2356 971 2405 ad
989 2356 1077 2405 Somn.
1099 2356 1244 2421 Scipionis,
1266 2371 1289 2407 ι.
1308 2361 1346 2406 lo.

261 2426 454 2492 intabescantque
470 2428 563 2491 reluta]
580 2430 679 2479 Dolore
689 2445 762 2480 arer-
802 2436 851 2484 &o

228 2502 333 2555 biarimo
344 2506 416 2555 velut
432 2506 518 2570 aliqua
534 2506 593 2556 tabe
611 2521 762 2557 consuman-
834 2512 865 2558 ll
885 2508 1020 2571 Purpureae
1037 2506 1118 2556 miter
1134 2506 1253 2571 cerniaco]
1270 2508 1344 2557 Mon

227 2588 278 2643 tur,
298 2580 366 2647 qnod
387 2580 613 2645 ultroabjeceriut
630 2582 763 2645 virtutem,
802 2586 937 2635 imminens
962 2585 1057 2634 terruit
1086 2583 1243 2633 Damoclem
1271 2586 1345 2649 regio

228 2672 282 2707 rem
305 2658 371 2708 adeo
397 2658 537 2722 pretiosam
563 2664 591 2707 et
616 2658 762 2710 amabilem.
801 2665 894 2710 ornatu
914 2660 1044 2721 amictum,
1064 2659 1112 2709 rub
1131 2672 1195 2708 eura
1208 2659 1257 2708 illo
1278 2660 1344 2724 pori-

228 2733 323 2785 Horat.
343 2734 394 2784 od.
414 2748 457 2785 nr.
476 2738 518 2784 tl.
532 2730 536 2739 '
551 2735 702 2785 ‘Virtutem
723 2736 761 2785 in·
803 2743 868 2785 tum.

226 2810 353 2860 columem
371 2810 480 2871 odimus,
490 2810 622 2860 Sublatam
634 2826 667 2860 ex
679 2811 762 2861 oeulis
837 2812 932 2862 Terruit
951 2814 1038 2876 nagia,
1058 2829 1137 2878 qaam,
1155 2812 1210 2877 te]
1240 2812 1275 2864 ld
1295 2822 1345 2875 eat,

226 2885 470 2949 quarimuriuuidi.9
487 2886 553 2935 llaec
565 2886 622 2950 lpaa
633 2893 673 2936 ert
685 2902 763 2951 poena
803 2891 861 2941 Neo
873 2892 984 2941 Perillae
995 2906 1106 2943 aceenro
1127 2899 1202 2941 tauro
1219 2908 1298 2944 aeneo
1310 2894 1345 2943 in·

226 2960 322 3022 damni,
341 2976 419 3027 quam
443 2961 468 3011 in
488 2961 616 3012 damnatis
637 2963 762 3027 'i'heoloqi
802 2967 889 3016 eliaam
907 2967 1197 3031 muerabiliusqemuit,
1217 2984 1270 3017 nec
1292 2970 1343 3019 Da-

226 3045 379 3105 tgnosctmt.
802 3044 899 3092 moolea
911 3042 1087 3093 imminentem
1098 3043 1149 3093 cibi
1161 3050 1277 3095 martem
1289 3047 1342 3095 ani·

256 3119 289 3167 ⁸⁹
305 3116 374 3167 Anne
385 3114 462 3177 anagn
472 3114 559 3181 menti]
577 3114 618 3165 Ne
629 3128 690 3163 vero
701 3115 759 3163 ineo
801 3116 967 3168 madvertena
992 3118 1073 3183 magia
1092 3119 1241 3184 exhorruit,
1263 3136 1341 3187 qaam

224 3208 291 3244 ame
304 3194 651 3260 gratlrdiciputetaliquls:
669 3194 758 3244 omnia
800 3198 939 3256 torquetur
963 3194 1105 3242 aceleratur
1132 3194 1234 3245 intimia
1263 3197 1342 3246 animi

222 3276 295 3320 certe
309 3270 490 3335 Tyrennorum
503 3272 609 3321 inventa
624 3270 656 3321 ad
676 3271 760 3322 crnci-
798 3268 967 3329 cruciatibus,
988 3284 1046 3319 oum
1070 3270 1200 3320 scelerum
1226 3273 1341 3323 atiarulit

223 3342 303 3393 andos
323 3345 447 3405 hominen,
465 3348 565 3397 leviora
581 3356 642 3398 salut
662 3348 759 3399 eouaci·
798 3344 912 3395 etfuriic
925 3346 1049 3410 agitatur.

222 3420 301 3471 eutlae
319 3422 455 3471 tormentis
471 3424 625 3488 assiduoque
643 3425 758 3487 stimulo,
832 3422 973 3487 inanimae
982 3423 1341 3489 praepunwgregnprao

223 3495 316 3561 quibua
337 3496 540 3560 interquiescere
567 3514 696 3563 uunquam
726 3502 759 3548 ai·
798 3500 921 3563 opopoeia
946 3498 1062 3562 Tyranni
1090 3501 1264 3551 couscientia
1294 3500 1339 3551 fla·

222 3578 328 3621 nuntur.
363 3570 442 3620 Certe
462 3582 558 3636 quanto
577 3582 685 3638 praelat
703 3576 759 3625 aui·
799 3576 872 3641 gellis
892 3582 920 3625 et
944 3576 1078 3624 tormentit
1106 3574 1213 3624 adacti:
1244 3578 1338 3642 quibua

221 3658 278 3699 mut
288 3646 399 3709 corpori,
410 3651 483 3695 tauto
502 3650 622 3711 graviora
633 3658 693 3702 nunt
704 3653 758 3702 aui-
798 3667 887 3702 recum
906 3652 962 3715 ipae
979 3650 1005 3699 lu
1023 3666 1123 3700 summa
1139 3651 1338 3716 desperatione,

220 3724 255 3776 mi
269 3722 385 3783 vulnera,
397 3736 474 3787 quam
485 3725 612 3787 corporis.
798 3728 886 3778 dicat:
903 3736 990 3778 actum
1003 3734 1044 3777 eat
1062 3728 1095 3777 de
1115 3727 1200 3792 nobie,
1217 3731 1338 3794 praecipi·

255 3801 402 3851 Gnnnertmt
414 3799 758 3866 maternam-nonquam,
798 3810 893 3868 mmur,
917 3805 1039 3871 perimus,
1066 3806 1136 3855 omui
1164 3807 1259 3857 raiatia
1288 3823 1337 3873 ope

219 3895 278 3944 pro,
306 3878 486 3941 ingemuerunt
520 3876 635 3926 homines
664 3878 757 3927 inclusi
797 3881 929 3932 destituti.
962 3881 1079 3931 'liberine
1098 3880 1170 3945 apud
1189 3884 1336 3935 Suetoa.o.

219 3964 295 4009 tauro
314 3970 392 4007 ereo.
436 3953 549 4003 Periliua
570 3952 655 4003 Faber
674 3954 757 4004 lltlre-
796 3961 837 4007 ot.
854 3956 946 4010 ‘Quid
962 3956 1074 4006 scribam
1085 3957 1170 4021 vobis,
1187 3958 1220 4009 P.
1240 3960 1334 4010 caut

221 4033 317 4083 nlenalt
328 4029 462 4083 Phalaridi
480 4028 711 4095 Agrigentinorum
731 4030 757 4080 in
798 4032 925 4097 quomodo
944 4028 1065 4091 saritam,
1085 4038 1131 4081 aut
1149 4032 1213 4097 qnid
1230 4035 1333 4084 omuino

220 4110 309 4161 Sicilia
324 4108 447 4174 Tyranno
468 4106 622 4159 fabricatum
634 4122 649 4156 a
660 4122 688 4157 ae
702 4114 758 4157 tau·
797 4124 849 4158 nan
867 4108 977 4160 cambam
997 4110 1045 4159 hoc
1064 4111 1200 4173 tempore?
1230 4110 1278 4160 Dii
1296 4125 1334 4159 uae

221 4198 277 4233 rum
296 4198 394 4234 eneam
414 4182 498 4249 dedit,
517 4184 542 4233 iu
560 4199 622 4251 quo,
637 4182 756 4247 subjecto
797 4186 913 4252 Demque
932 4185 1008 4251 pejus
1028 4184 1149 4250 perdant,
1160 4201 1239 4251 qnam
1250 4187 1332 4254 quoti·

136 4264 140 4275 ·
218 4260 278 4323 igno
300 4260 479 4309 cruciarentur
498 4261 623 4327 hatnlnee,
632 4267 661 4311 et
679 4258 757 4311 tauri·
796 4262 840 4313 die
852 4262 939 4327 perire
949 4260 1044 4325 centio,
1055 4260 1077 4311 ai
1088 4260 1160 4311 acio!
