2850 4817
510 388 739 437 suvruuurs.
1093 371 1181 440 119⁶

72 546 208 624 emplum,
223 546 325 626 cupiit
349 545 383 623 (l.
397 548 539 627 copiosis)
556 548 803 609 annotationibus
820 554 851 606 et
867 546 1086 626 mgisels'lss
1099 544 1177 607 llltr.

71 642 104 701 sl
118 662 268 721 consputo
283 644 435 723 quondum
446 652 501 706 oet.
515 652 660 709 matun.

107 820 327 881 *Asoeusiaua
339 836 393 881 111.
407 825 450 897 (ιι.
460 818 525 895 65.)
564 748 881 899 luiiiilusntltm
891 826 1083 881 connectere
1097 820 1140 891 (ir.
1151 838 1180 881 e.

72 910 171 971 luten.
197 934 270 973 eum
291 934 404 975 conum.
423 918 487 975 lod.
503 916 587 980 Badii
601 918 748 989 Asceusii)
771 936 836 975 cust
856 916 986 977 Astosii
1000 916 1182 977 Mosciulli

72 1009 123 1068 riri
135 1010 342 1071 eruditisstm·
364 1012 798 1093 explanatione-lupresre-
810 1020 856 1073 etl
875 1014 929 1073 loc
942 1032 1018 1092 opst
1028 1030 1134 1073 nrm
1145 1012 1180 1071 ia

71 1104 178 1167 odilus
198 1107 404 1168 decessionis
423 1109 506 1189 opud
526 1110 702 1171 Purrilrr'or
723 1111 863 1189 inpensis
886 1110 1016 1169 Jusso
1036 1108 1180 1187 Magone,

71 1201 193 1262 lunonis
222 1205 413 1276 waterloose,
443 1214 472 1265 el
500 1204 601 1267 lodoci
628 1206 834 1285 Horemgle
850 1204 1040 1284 flando-en.
1091 1204 1181 1267 Am

71 1296 169 1359 salutis
182 1300 367 1361 christiano
381 1319 552 1364 mcccccv.
566 1303 609 1366 sd
620 1304 724 1364 Nonus
737 1304 942 1363 Murtias-4.
960 1309 1048 1362 1505.

107 1394 203 1473 Hujus
227 1398 383 1468 editionis,
408 1399 494 1477 cujus
518 1419 616 1479 neque
630 1400 789 1471 Maittsire,
802 1418 900 1477 neque
913 1398 1063 1459 Fabricius
1076 1396 1180 1459 memi-

73 1487 122 1561 nit,
144 1493 264 1553 titulum
293 1504 423 1565 tautum,
441 1506 472 1555 et
494 1514 531 1555 ue
550 1496 619 1555 satis
642 1495 764 1573 quidem
777 1504 927 1565 memte,
941 1494 1112 1564 Bennioius,
1128 1494 1180 1573 qui

73 1585 166 1647 eadem
181 1608 255 1649 usus
283 1600 332 1651 est
356 1591 386 1649 iu
408 1590 594 1669 excerpendo
618 1591 755 1651 Asceusii
776 1598 954 1660 commento,
978 1589 1100 1659 notarit,
1118 1598 1180 1649 ete

75 1680 162 1743 Catal.
177 1686 258 1745 ilibl.
285 1686 463 1747 Uffenbaclr.
479 1689 499 1747 Ι.
515 1689 534 1747 Ι.
550 1706 580 1747 n.
592 1696 662 1757 229.
676 1707 707 1768 p.
723 1696 773 1749 80.
787 1686 965 1765 descripuere
984 1684 1057 1745 socii
1069 1685 1180 1763 Bipou-

73 1776 128 1835 tini.
169 1782 204 1840 lu
224 1784 404 1861 exemplari,
431 1784 510 1863 quod
535 1783 574 1845 ad
599 1804 702 1845 manus
727 1784 829 1855 lrabui,
850 1782 985 1844 luteuali
1001 1783 1110 1859 juncta
1133 1789 1180 1841 eut

75 1880 81 1907 ¹
95 1872 186 1935 Publii
198 1879 270 1939 Auli
288 1880 382 1939 Persii
397 1880 546 1941 familiaris
560 1881 729 1960 explanatio
743 1900 797 1959 per
811 1878 955 1939 lodocum
969 1877 1096 1938 Badium
1107 1896 1178 1937 com

72 1970 115 2029 lo.
135 1974 300 2035 Britannici
314 1976 511 2037 eruditissima
523 1978 773 2057 interpretatione.
816 1974 1028 2035 Veuuodantur
1040 1972 1179 2053 Lugduni

75 2090 90 2132 a
102 2076 186 2137 Petro
200 2080 304 2159 ngre
318 2089 349 2139 et
363 2080 515 2141 Anthouio
529 2082 650 2143 doulcet
663 2072 745 2161 plato
754 2080 881 2141 civitatis
895 2080 1057 2157 bibliopola
1070 2087 1101 2139 ct
1113 2078 1179 2139 cire

74 2168 99 2227 iu
113 2171 173 2231 rico
194 2175 368 2237 mercuriali
382 2176 539 2255 vulgariter
553 2179 598 2237 Eu
612 2178 640 2237 la
655 2198 705 2237 rue
720 2176 905 2237 Merclriete!
944 2176 980 2232 lu
993 2174 1069 2235 fine:
1092 2174 1180 2233 ‘Per-

77 2265 131 2327 sius
145 2288 212 2329 curn
235 2270 354 2350 duplici
375 2282 544 2332 commento
565 2272 630 2339 linit
651 2272 786 2332 feliciter.
826 2270 964 2349 Lugduni
978 2268 1077 2329 solerti
1088 2286 1180 2347 opera
1258 2336 1264 2343 ,

76 2362 210 2425 lobannis
234 2366 275 2427 de
302 2366 400 2445 platea
421 2378 452 2427 et
475 2366 680 2447 Jacobimyt.
701 2370 790 2427 Anno
812 2366 913 2426 salutis
935 2378 1107 2425 rscocccx.
1129 2362 1178 2424 die

79 2477 141 2518 uero
159 2478 219 2521 xx.
242 2464 436 2523 novembris:
476 2464 551 2523 ilaec
575 2472 671 2525 tamen
695 2461 798 2533 editio,
821 2480 890 2539 quoe
918 2461 1010 2520 Paria.
1037 2467 1123 2520 1512.
1147 2468 1180 2519 et

81 2564 161 2625 1519.
174 2577 278 2620 recusa
299 2568 356 2630 est,
378 2578 556 2638 magnopere
580 2578 662 2639 spem
689 2578 786 2618 meam
807 2556 930 2617 fefellit:
952 2556 1085 2615 estenim
1099 2572 1180 2615 mere

75 2646 128 2709 lere
150 2654 286 2731 repetitio
312 2657 432 2715 Arcens.
457 2671 480 2714 r.
504 2666 535 2715 et
557 2670 596 2715 11.
619 2654 757 2732 Lugduu.
776 2661 853 2723 1498
868 2662 901 2711 et
917 2658 1005 2709 1501.
1047 2648 1177 2721 Quodsi

80 2748 152 2823 prius
162 2752 445 2823 animadvertissem,
460 2771 526 2811 earn
537 2772 596 2811 uon
611 2760 704 2811 totam
715 2750 913 2809 contulissem.
956 2748 1178 2828 Nonnunquam

82 2852 170 2904 tamen
193 2865 257 2905 eum
284 2856 316 2905 et
339 2846 377 2905 ab
398 2846 455 2921 his,
469 2856 499 2907 et
512 2866 531 2907 a
545 2847 634 2907 Paris.
653 2852 741 2906 1512.
759 2843 935 2925 discrepare,
957 2866 994 2906 ex
1009 2846 1078 2905 Var.
1093 2846 1177 2905 leot.

81 2944 328 3017 cognoscendum.

582 3046 671 3109 1507.
784 3100 788 3107 ,
827 3023 835 3037 '

117 3135 131 3163 '
143 3133 302 3212 Lipsiensis
318 3150 364 3195 tv.
379 3140 420 3209 (n.
437 3138 500 3209 58.)
525 3136 615 3197 Lilsr
631 3135 809 3214 satyram
821 3136 911 3198 Jusii
922 3132 1078 3197 lentulis
1090 3134 1177 3211 pnite

84 3222 250 3303 lepidissimi
263 3250 299 3293 ac
314 3232 395 3290 inter
405 3250 501 3291 cmiter
511 3234 657 3311 satyricus
668 3232 833 3291 utilissimi.

493 3329 541 3387 Ad
559 3330 759 3405 juventutem.

233 3423 340 3483 Floret
355 3422 522 3501 doctiloqui
536 3423 599 3481 cole
613 3424 724 3501 scripta
736 3440 846 3482 canora
855 3420 996 3499 juventus

274 3518 378 3578 Vatis:
400 3519 581 3597 praestabunt
594 3520 753 3578 commoda
764 3518 842 3577 mille
857 3516 921 3578 tibi.

233 3614 368 3675 luvenies
383 3634 508 3687 morsus,
520 3625 550 3676 et
564 3615 697 3685 fulmina,
711 3617 819 3693 diuque
833 3614 925 3685 dicta,

277 3711 416 3783 Crimina,
428 3712 560 3784 uirtutes,
575 3712 805 3791 multijugosque
818 3712 901 3771 sales.

232 3806 373 3867 Mordaci
386 3808 416 3867 iu
428 3822 526 3887 satyra
539 3810 733 3888 lepidissimus
745 3809 791 3868 ille
805 3815 894 3886 poeta

275 3904 392 3965 Vertice
406 3906 526 3966 sublirrri
538 3908 631 3969 sideru
646 3926 762 3967 summu
773 3906 849 3965 ferit.

87 3988 117 4048 ¹¹¹
130 3991 198 4057 fine:
220 3998 353 4071 ‘Haben
378 4013 472 4062 amate
493 4004 609 4073 Lector,
629 4014 740 4063 textum
760 4002 838 4062 lunii
851 3995 1002 4059 luvenalis
1015 3990 1177 4069 Aquinalb

74 4087 243 4167 ..Stlyrarum
254 4096 403 4173 scriptoris
415 4098 596 4177 lepidissimi,
611 4100 717 4159 iterum
730 4109 821 4177 atque
835 4098 941 4155 iterum
951 4092 1021 4151 sutis
1031 4088 1177 4165 laboriose

90 4189 273 4266 emendatum,
298 4190 433 4273 vigilique
457 4194 607 4272 diligentia
626 4194 733 4257 lacobi
753 4194 909 4255 Tlssouers
930 4185 1079 4268 [iprensis
1092 4184 1177 4257 ciria.
