2850 4817
508 374 648 425 ssums
671 375 697 426 1.
1115 358 1161 425 47

42 518 190 583 Melite:
221 516 370 581 discedo.
416 515 530 581 Seeuit
544 516 694 581 Lucilius
710 516 847 596 Urbem,

41 620 114 697 Te,
129 618 239 703 Lupe,
253 626 300 695 te,
317 618 428 699 Muci;
449 622 482 683 et
495 620 672 701 genuinum
685 618 827 701 fregitiu
842 620 921 683 illis.
1095 620 1161 684 Hb

43 799 127 849 Abeo.
168 799 205 849 At
223 798 331 849 lucillus
347 800 461 863 prosr'aiit
479 800 619 863 dsituimf
642 802 794 867 tunium
818 803 1011 862 stte‚ol¹sti‚·
1034 802 1161 853 emistis

556 971 661 1021 NO'l'AE

45 1106 241 1169 meniseurpas
256 1119 365 1171 anguem
384 1106 462 1159 faisse
478 1108 588 1159 circum·
660 1110 742 1161 Seesit
753 1112 871 1177 lucilius]
898 1112 1016 1175 Seipsum
1028 1109 1163 1175 redarguit

46 1186 173 1247 plexum,
190 1184 300 1247 hincque
318 1184 472 1235 Divinitatis
490 1186 588 1248 opinio·
627 1186 749 1236 Persius:
762 1189 848 1237 &cur
856 1202 917 1236 vero
930 1187 1080 1236 discedens?
1091 1186 1162 1238 Quid

48 1276 113 1311 nem
128 1261 193 1323 Regi
205 1262 349 1319 accessisse.
368 1270 396 1312 et
416 1262 529 1314 Heroian
548 1266 588 1313 lra-
628 1261 740 1311 serebor
750 1262 846 1323 sscere,
855 1262 924 1327 qood
936 1270 996 1311 ante
1008 1276 1049 1311 me
1058 1262 1102 1310 alii
1116 1262 1162 1311 im·

47 1336 137 1385 bitum
150 1335 313 1384 Cleomenem
324 1338 490 1403 Deornmqne
500 1339 588 1390 lilium.
629 1352 697 1400 pune
709 1335 847 1387 fecerunt?

49 1410 140 1460 Addit
163 1425 238 1473 porro
259 1412 334 1475 buius
354 1414 391 1462 rei
413 1422 441 1463 et
462 1416 589 1479 opinionis
661 1412 778 1477 lucillus]
811 1414 840 1462 C.
859 1413 971 1463 Lucilius
984 1414 1081 1477 primus
1093 1412 1163 1476 apud

49 1499 159 1537 cauum
179 1502 193 1535 a
212 1488 372 1549 sapientibus
384 1490 444 1539 viris
461 1490 590 1553 proditum
630 1486 756 1535 Romanos
775 1488 873 1536 Sstirss
891 1488 1001 1551 scripsit.
1037 1486 1075 1537 Ac
1095 1488 1163 1539 sicot

51 1576 123 1623 esso,
141 1561 211 1625 quod
237 1563 306 1612 sicut
327 1577 342 1611 e
360 1564 441 1613 bobus
467 1580 538 1629 spes,
557 1580 590 1615 ex
631 1562 757 1611 Lucilium
784 1562 918 1622 Horatius,
940 1564 1077 1613 Horatium
1099 1564 1163 1612 Per-

52 1639 131 1703 equis
142 1636 206 1697 fuci,
218 1652 249 1684 ex
269 1636 346 1686 asinis
364 1641 502 1689 crabrones
514 1656 590 1707 gene·
630 1638 692 1695 sius.
704 1638 769 1687 alios
788 1654 876 1688 omnes
893 1639 1027 1690 iuvenalis
1048 1640 1163 1689 imitatus

51 1718 156 1773 notua,
178 1712 213 1761 sic
241 1726 274 1760 ea
296 1713 413 1762 bumauis
438 1716 592 1779 corporibus
630 1722 687 1773 est;
713 1714 749 1763 sic
769 1715 881 1763 Lucilius
899 1722 1003 1763 secutas
1014 1712 1100 1765 riserat
1111 1714 1164 1763 Eu·

52 1796 195 1851 serpentes
207 1794 371 1839 enascantur.
403 1792 523 1854 Denique
533 1806 591 1841 con·
631 1789 700 1837 nium
712 1796 740 1839 et
752 1788 868 1838 Accium.
902 1791 996 1840 Horat.
1013 1790 1068 1839 Sat.
1088 1804 1107 1837 ι.
1121 1794 1162 1838 1⁰.

53 1862 160 1913 eludit:
185 1876 235 1911 nou
248 1876 310 1925 ergo
322 1864 368 1913 abs
379 1878 408 1913 re
420 1872 521 1915 veteres
538 1867 590 1915 He·
630 1864 695 1912 ‘Nil
722 1864 801 1913 cornis
826 1864 926 1927 Tragici
947 1870 1032 1914 mutst
1050 1864 1163 1915 Lucilius

53 1938 147 1987 roilbus
170 1938 294 1985 dncunre
314 1952 489 1989 consecrasse.
523 1943 591 1991 Dra·
631 1936 716 1987 Acci?
742 1938 802 1987 Non
822 1938 889 1986 ridet
904 1952 993 1986 versus
1005 1938 1071 1986 Enni
1083 1939 1165 2001 graui·

54 2028 137 2065 eones
158 2014 246 2061 divino
268 2013 342 2063 cultu
365 2014 502 2065 honoratos
525 2014 592 2065 sffis·
631 2019 685 2061 tate
703 2012 838 2062 minores?
870 2014 993 2063 Convum
1012 2014 1091 2063 luisse
1110 2014 1166 2063 Sci·

55 2096 132 2137 mant
151 2100 228 2150 porro
239 2086 396 2136 AElianussle
407 2091 510 2139 animal.
523 2104 554 2140 ιι.
565 2096 591 2142 2.
632 2088 701 2153 pioni
715 2088 836 2139 Africano
854 2096 966 2139 testatur
983 2090 1051 2141 idem
1069 2090 1164 2139 Horat.

56 2170 100 2215 io.
114 2169 154 2213 17.
174 2171 202 2213 et
220 2163 352 2213 Plutarch.
370 2163 415 2216 lib.
432 2165 466 2214 de
478 2166 546 2215 lside
564 2173 592 2217 et
632 2167 686 2215 Sat.
696 2179 730 2215 ιι.
743 2171 767 2216 1.
779 2166 824 2215 arbi
836 2173 863 2215 et
875 2166 935 2215 alibi
949 2166 1043 2229 passim
1062 2166 1087 2215 ln
1105 2167 1163 2217 Scr-

55 2240 172 2290 Osiritle.
631 2242 749 2291 monibus
774 2242 901 2291 Lucilium
924 2242 1007 2304 carpit
1027 2244 1166 2307 mordicus,

88 2316 175 2376 Pueri,
186 2329 251 2364 sacer
267 2320 303 2365 est
319 2316 392 2379 bras]
424 2316 500 2367 nude
513 2319 590 2368 etiam
632 2330 777 2379 quanquam
790 2331 883 2381 magno
902 2318 958 2366 aliis
979 2318 1003 2365 iu
1022 2319 1106 2381 pretio
1126 2317 1165 2367 su·
1266 2323 1273 2337 ¹

56 2393 108 2441 boe
131 2389 310 2452 interdictum,
337 2406 388 2456 qno
411 2394 484 2457 paeri
506 2391 593 2442 deter·
632 2392 682 2441 isse
695 2392 824 2451 refertum
850 2409 897 2442 uec
910 2409 980 2442 suam
1000 2394 1048 2457 ipsi
1060 2395 1165 2445 laudem

58 2474 166 2518 sessim
187 2482 203 2516 s
223 2466 362 2530 polluendo
384 2468 501 2517 sordibus
520 2468 593 2529 loco3
633 2466 748 2517 detrabit
767 2468 877 2520 Quintil.
896 2469 941 2517 lib.
954 2482 981 2518 x.
1018 2470 1100 2518 Natos
1119 2485 1165 2519 no·

58 2542 190 2595 neveillic
202 2542 317 2591 noiant:
346 2542 413 2606 qood
426 2544 593 2606 grandnerat
633 2540 678 2589 hili
697 2544 756 2591 loeo
775 2556 807 2590 ea
830 2541 934 2591 Amnes
955 2542 1073 2592 Ausonio
1089 2544 1165 2605 urbe,

59 2617 141 2669 nefas.
180 2617 271 2666 Horat
290 2618 316 2667 in
337 2618 419 2667 Arte:
446 2618 592 2667 ‘Miuxerit
632 2618 1165 2681 announoantequamveniretCartbago

58 2696 85 2744 ia
106 2693 202 2757 patrios
221 2693 338 2743 cineres.'
370 2693 438 2743 Vide
453 2708 510 2759 qun
529 2694 592 2743 Sue-
631 2692 657 2741 ia
677 2691 851 2741 Romanorum
871 2700 1037 2757 potestatem.
1080 2694 1167 2759 Scrip-

58 2776 115 2819 toa.
138 2769 170 2815 aie
190 2768 297 2817 Nerone
316 2768 381 2819 lotio
399 2768 591 2819 contaminastis
631 2768 694 2818 sisse
716 2768 812 2817 dicitur
835 2768 977 2819 Satirarum
999 2769 1076 2819 libros
1096 2772 1166 2833 plus-

59 2845 128 2893 Deoe
147 2844 320 2893 simulacrum.
362 2844 414 2893 sed
434 2852 471 2907 et,
492 2845 590 2894 urinam
631 2860 706 2911 qnsm
735 2847 856 2911 triginta:
888 2854 915 2897 at
935 2856 1108 2912 pervenerunt
1131 2848 1164 2898 atl

59 2917 297 2969 sacereadstataas
309 2918 469 2981 Principum,
478 2921 591 2983 capitale
631 2936 676 2971 uos
688 2920 834 2986 fragmenta
851 2929 953 2972 tautum
969 2923 1076 2989 aliquot.
1109 2924 1166 2975 Cri·

60 2995 148 3056 basse,
159 2995 237 3045 docet
253 2997 331 3045 AElies
340 2998 491 3060 Spartianus
502 2998 527 3045 in
540 2996 591 3048 An·
631 2996 709 3046 uitus.

61 3071 150 3121 amiso
175 3071 325 3131 Caracallu;
359 3072 402 3121 ubi
426 3074 463 3122 sic
490 3072 590 3123 referta
666 3072 764 3138 Urbem]
797 3075 904 3124 Romam
925 3082 952 3123 et
972 3074 1164 3138 potentissimos

60 3146 272 3195 ‘Damnatisant
290 3161 321 3195 eo
342 3152 459 3209 tempore
477 3148 521 3211 qui
541 3150 593 3197 nri·
633 3148 805 3198 Romanorum
847 3150 971 3199 acerrime
1012 3150 1183 3205 insectatus„

62 3236 121 3271 nam
140 3235 171 3271 eo
189 3221 246 3269 locu
264 3220 391 3284 fecerant,
402 3224 429 3271 ia
447 3238 498 3288 quo
518 3230 593 3273 eraut
633 3224 726 3273 Horat.
738 3224 791 3273 Sat.
802 3238 823 3272 ι.
835 3230 873 3273 lii.
883 3226 891 3251 ⁴
902 3225 961 3273 Sale
974 3223 1054 3273 multo
1066 3223 1165 3273 Urbem

61 3297 183 3362 imagines
195 3296 340 3362 Principis‚'
356 3304 405 3347 &c
632 3296 774 3348 defricuit}
818 3300 852 3349 Et
870 3300 915 3349 lib.
928 3314 957 3348 ιι.
976 3300 1029 3348 Sat.
1046 3304 1069 3350 l.
1087 3299 1165 3348 ‘Pri-

96 3372 275 3437 lixlrssaeis'is]
297 3373 478 3437 Metaplrotice
497 3372 592 3436 sigulfi·
632 3386 718 3421 mores
744 3375 835 3437 populi
861 3376 970 3438 arripuit
992 3375 1165 3439 populumque

64 3457 129 3499 eat:
164 3447 294 3497 oPoiitae
316 3448 430 3511 Sustinui,
457 3464 592 3499 censuram
634 3446 770 3497 tributim!
811 3450 931 3500 Juvenal.
952 3450 1006 3499 Sat.
1029 3464 1048 3500 1.
1075 3452 1164 3500 ‘Ense

64 3531 175 3573 vestram
190 3523 239 3571 alio
251 3522 393 3573 transferre
405 3524 530 3589 quolibet,
541 3540 594 3573 mo-
633 3522 704 3571 velut
722 3522 813 3573 stricto
832 3524 930 3589 quoties
942 3524 1055 3574 Lucilius
1071 3526 1166 3576 ardeus

63 3600 98 3648 do
111 3598 143 3647 ab
154 3599 194 3645 bis
206 3598 368 3649 abstineatis.
635 3596 795 3647 infremuit?

97 3678 143 3725 iii
162 3674 274 3737 meus]
292 3674 425 3738 Siquidem
436 3676 475 3725 bis
488 3691 594 3740 parcen-
667 3678 715 3724 lio
734 3676 776 3736 l's,
787 3674 867 3739 ispe,-
888 3682 920 3734 te,
932 3676 1012 3740 Mso‘]
1041 3676 1165 3726 Nomina-

64 3750 135 3809 dum,
151 3764 209 3810 quae
236 3757 296 3798 suut
322 3751 430 3799 masinae
457 3752 594 3813 reprebeu-
634 3750 681 3800 tim
703 3752 782 3799 etiam
804 3766 912 3815 carpere
935 3766 1010 3800 ausus
1033 3760 1075 3799 est
1096 3752 1166 3799 iuter

64 3826 134 3875 sione
147 3826 232 3887 digna,
243 3825 328 3889 iuquit
338 3826 452 3886 Persius,
461 3827 520 3876 biae
532 3828 593 3877 mibi
634 3828 697 3875 alios
708 3828 810 3877 nobiles
816 3826 893 3887 viros,
906 3828 970 3875 Pub.
983 3826 1105 3875 Rutilium
1115 3826 1165 3873 Lu-

65 3902 269 3965 demigrandum.
302 3900 376 3950 Abeo
388 3903 493 3965 itsqne;
510 3904 553 3951 vix
568 3918 596 3952 e·
634 3916 696 3964 pum
706 3902 854 3964 Consulem,
865 3904 984 3951 et'iianm
996 3901 1109 3949 sincium
1120 3899 1167 3948 Ar-

67 3980 116 4029 nim
129 3979 187 4027 aiibi
200 3988 370 4039 temperarem
390 3978 432 4041 (at
452 3976 526 4026 initio
542 3992 596 4026 ιιιο-
636 3976 735 4025 butiana
756 3978 833 4026 valde
854 3985 989 4039 potentem
1012 3976 1103 4032 viram,
1128 3973 1173 4024 bis'

68 4055 109 4105 uui
135 4054 296 4117 petulantem
318 4052 379 4100 mibi
407 4052 500 4100 lienem
528 4052 597 4115 auo)
637 4052 877 4116 quieemvaasibas
894 4066 958 4115 quos
977 4052 1055 4099 etiam
1073 4052 1166 4101 Cicero

67 4134 124 4198 quin
150 4130 257 4181 satirica
275 4128 396 4182 libertate
412 4136 501 4177 uterer
518 4128 543 4177 iu
559 4128 597 4178 lais
638 4128 713 4179 allent
725 4130 783 4178 Lib.
796 4144 815 4179 1.
832 4130 864 4178 (le
880 4128 994 4177 Finibus.
1028 4126 1174 4180 ‘Graecum'

69 4209 172 4279 perinde
184 4222 215 4257 sc
227 4206 372 4257 incatesis.
637 4211 674 4268 te,
683 4204 785 4269 Albuti,
794 4218 869 4271 qaam
880 4206 1023 4254 Romanum
1032 4210 1111 4269 stque
1121 4202 1168 4255 Ss-
