2850 4817
522 384 647 435 ranan
694 382 776 433 sur.
799 371 836 433 ν’.
1170 362 1239 431 2611

131 530 273 591 Nimirum,
296 544 357 579 vera
386 528 666 591 libertae—Libertum]
706 533 743 586 ta,
752 524 821 590 quod
832 538 908 573 manu
919 524 1074 573 mitteretur.
1107 518 1238 573 Quiritem

132 606 223 655 Animi
234 604 345 667 scilicet,
356 618 405 653 non
415 605 539 667 corporis.
573 604 667 667 idest,
706 608 793 651 autem
812 600 977 663 singulariter
990 598 1097 647 abusive
1117 596 1193 657 dixit,
1209 597 1238 644 li·

132 682 169 729 ad
188 680 338 729 libertatem
354 681 440 739 bonro,
460 679 481 729 si
502 694 576 727 uerus
593 681 667 729 bomo
706 680 793 727 centia
822 676 940 725 Podtica.
985 676 1052 725 Num
1073 674 1143 722 sicut
1162 678 1238 733 pater

132 771 173 817 es,
184 755 302 819 adspires
314 762 459 817 oportet.—
465 754 518 804 Nou
527 756 581 819 buc]
607 756 668 805 Non
707 753 869 816 conscriptus
881 766 931 801 uon
944 751 1050 811 dicitur,
1066 750 1104 798 ita
1116 764 1164 797 uec
1175 748 1239 799 Qni-

132 832 184 879 bac
201 830 315 891 corporis
327 830 460 889 libertate,
473 844 546 893 quam
560 846 607 894 per
618 844 668 879 ma·
706 828 782 876 ritem
799 827 886 876 dicere
905 840 1044 890 pomumus.
1076 826 1129 874 Vct.
1147 824 1237 871 Scla-

132 906 315 955 numissioneru
334 906 411 954 etiam
425 906 545 955 vilissima
558 922 668 971 quaeque
708 905 799 961 Quibus
807 904 865 967 auo]
879 906 963 963 Ratio,
970 920 1028 953 cum
1040 902 1157 951 ueritatis
1167 902 1238 964 igna-

133 984 265 1046 mancipia
277 982 559 1045 consequuntur—Ut]
579 981 668 1045 Idem,
707 980 729 1029 ri
740 982 800 1031 alut.
825 980 857 1030 Id
872 988 921 1037 est,
932 982 1032 1033 Quibus
1045 981 1086 1029 rel
1099 992 1150 1028 una
1160 977 1239 1027 verti·

133 1060 189 1119 rabi,
201 1060 241 1107 rel
262 1058 473 1121 cum-Quisque,
490 1058 543 1121 isc]
577 1058 669 1107 Velina
707 1057 767 1120 gine
786 1058 912 1120 pessimus
932 1058 1040 1121 quisquc
1058 1057 1240 1115 circumactus,

133 1134 221 1182 tribus
244 1148 349 1182 numero
370 1134 475 1181 aliarum
496 1134 609 1181 tribuum
627 1150 669 1183 ar·
707 1139 737 1181 et
755 1132 783 1180 in
802 1146 894 1195 gyrum
912 1131 1014 1194 ductus,
1030 1130 1119 1183 Quiris
1134 1136 1162 1178 et
1178 1128 1241 1179 ciuis

133 1210 224 1267 cessit,
244 1218 271 1257 et
295 1208 337 1271 qui
358 1208 427 1256 cirra
447 1208 567 1256 Velinum
585 1209 669 1257 lacum
708 1208 850 1265 Romanus,
862 1207 988 1257 redditur.
1004 1206 1091 1255 moin,

132 1283 298 1345 babitabant,
326 1284 433 1332 Romanu
461 1284 579 1333 translati
601 1290 669 1332 aunt.
739 1286 773 1331 ao
793 1282 903 1345 Verrugo]
918 1282 1240 1331 luteraliosmauumiaau·

132 1362 226 1410 Romae
240 1366 390 1407 autumaret
401 1358 570 1419 cousuetudo,
585 1358 670 1423 utqui
709 1372 765 1406 rum
778 1358 853 1418 ritus,
864 1357 923 1420 fuit,
940 1373 997 1421 qum
1014 1358 1055 1407 bic
1070 1360 1162 1419 vertigo
1179 1356 1242 1406 dicl-

131 1450 170 1485 ex
180 1436 375 1484 manumissione
387 1436 458 1485 cives
471 1436 580 1484 Romani
592 1434 671 1485 ellici-
708 1440 761 1495 tur,
772 1435 872 1484 Graecis
884 1432 1024 1496 reatinum
1040 1440 1068 1482 et
1077 1430 1239 1495 περιστροφής

132 1512 256 1572 ebantur,
267 1512 293 1560 in
306 1525 412 1559 numero
428 1510 522 1558 civium
543 1512 670 1560 Romano·
708 1524 766 1559 cnm
784 1511 1003 1561 manumittendum
1022 1511 1115 1560 deutra
1132 1510 1241 1573 preben-

132 1602 192 1635 rum
201 1586 358 1637 frumentum
367 1586 496 1649 publicum
506 1586 668 1650 acciperent.
707 1600 760 1645 sus,
780 1601 796 1634 a
812 1585 914 1635 domiuo
934 1586 961 1635 in
980 1586 1070 1635 orbem
1089 1584 1238 1634 rotabatur:

136 1666 194 1715 Ver.
209 1666 413 1727 Seu-Quaque,
428 1666 480 1729 ia]
507 1664 566 1715 Jam
584 1662 669 1713 faotua
707 1662 769 1711 inde
787 1663 925 1725 circam,
943 1662 1112 1728 prolibcrari.
1137 1660 1240 1713 cmab.

132 1740 256 1803 Publius,
276 1742 320 1805 qrri
334 1742 389 1806 jam
409 1756 565 1805 praenomen,
577 1748 669 1804 utpote
707 1739 861 1803 -Hic,t5c.]
878 1741 972 1788 Sensus
984 1745 1040 1788 est:
1057 1737 1153 1787 sibae
1165 1736 1242 1786 libar-

131 1816 335 1880 liber‚arleprus
358 1824 407 1865 est.
441 1817 500 1866 Non
524 1818 573 1865 soli
596 1816 669 1865 liberi
708 1820 748 1865 tas
767 1816 968 1880 veraeat,quid
987 1814 1074 1865 obstat
1090 1812 1241 1878 quominus

132 1892 336 1957 praenominibus
356 1892 505 1941 utebantur.
540 1894 614 1941 Servi
626 1906 669 1941 au·
707 1890 787 1937 etiam
805 1891 928 1939 vilissima
948 1903 1057 1954 qumque
1071 1887 1201 1951 mancipia
1212 1886 1242 1935 ll·

131 1976 190 2016 tem
210 1982 267 2017 cnm
286 1966 474 2031 liberabantur,
495 1967 614 2016 uolebant
632 1966 669 2015 fa·
707 1963 841 2013 barusim.
875 1965 977 2013 Etenim
996 1964 1038 2013 bic
1056 1961 1243 2012 Damavilissl·

132 2042 213 2091 milia
226 2056 373 2106 praenomen
392 2044 521 2105 accipere,
536 2050 564 2092 et
580 2056 669 2092 conse·
707 2052 764 2087 mus
775 2046 816 2089 est
828 2053 915 2103 agaso,
932 2040 1052 2100 insulana,
1069 2037 1197 2102 atupidus,
1214 2044 1243 2088 et

133 2118 285 2184 quebuntnr
296 2118 346 2168 tria
355 2118 467 2178 nomina,
476 2123 505 2167 ut
517 2118 606 2181 reliqui
620 2119 670 2167 Ro·
707 2115 835 2164 mendax:
862 2116 936 2165 simul
956 2115 1074 2165 dominus
1089 2130 1148 2165 eum
1159 2116 1185 2164 in
1198 2130 1243 2180 gy-

131 2193 205 2242 maui
217 2192 301 2243 liberi.
319 2194 472 2241 Praeuomen
486 2192 553 2241 euim
564 2190 668 2243 familiar
707 2204 764 2238 mm
781 2191 1000 2254 circumvenerit,
1018 2198 1047 2241 et
1062 2190 1243 2241 circumduxe-

132 2274 166 2319 et
178 2268 279 2330 patroni
291 2267 438 2331 capiebant,
449 2274 476 2317 et
489 2280 562 2315 suurn
574 2267 668 2316 retine·
707 2266 752 2329 rit,
762 2281 778 2314 a
789 2267 900 2331 uestigio
921 2268 949 2316 in
968 2268 1025 2330 ipsu
1043 2266 1166 2331 temporis
1181 2267 1244 2315 arti·

131 2345 211 2406 bant,
223 2350 250 2393 et
269 2358 283 2393 a
303 2342 355 2392 line
371 2342 447 2391 tribas
467 2356 558 2391 nomen
570 2342 669 2392 solebat
706 2341 765 2389 culo
781 2342 850 2390 liber
865 2342 1054 2404 exit—Doara]
1076 2342 1131 2390 Pro
1151 2340 1243 2405 quovis

131 2418 253 2483 adjungi,
264 2427 294 2467 ut
304 2418 337 2467 P.
349 2418 460 2467 Licinius
467 2418 668 2467 Velina-Veli·
706 2417 831 2466 vilissimo
842 2420 1028 2480 aerum-Noa,
1037 2417 1091 2479 ism]
1110 2418 1153 2467 Na
1164 2418 1243 2467 trium

131 2494 180 2557 aa]
197 2495 320 2544 solebant
332 2494 476 2544 manumissi
488 2493 513 2542 ln
523 2494 605 2543 tribus
617 2494 668 2542 dis·
707 2491 811 2554 quidem
822 2492 917 2542 assium
937 2491 1111 2554 aestimandus,
1126 2492 1243 2555 villani·

132 2570 227 2633 tribui,
239 2580 266 2619 ut
278 2571 304 2619 iu
316 2570 494 2634 'larentinam
503 2570 667 2620 Stellatiuam
706 2567 884 2631 bili-Agma]
909 2570 957 2618 Fut
973 2582 1095 2633 equorum
1107 2569 1147 2617 rel
1158 2569 1241 2619 asino·

133 2647 253 2709 Fabiam,
284 2647 412 2709 Velinum,
442 2654 469 2695 et
490 2645 562 2693 alias.
605 2648 669 2695 Erat
707 2643 1001 2707 famagustanum».

132 2730 223 2773 autem
235 2724 290 2771 bac
302 2722 392 2783 tribus,
410 2723 451 2769 vel
468 2722 539 2771 circa
549 2721 669 2771 Velinum
738 2724 771 2769 71
792 2720 886 2786 Vappa]
908 2721 1018 2785 Proprie
1030 2720 1100 2785 quod
1111 2734 1196 2784 neque
1208 2720 1243 2769 ri·

132 2800 232 2859 lacum,
252 2806 297 2847 ant
314 2798 415 2847 Velium
434 2798 535 2847 collem.
569 2798 670 2846 Estau·
707 2810 779 2859 nam,
799 2813 884 2862 neque
901 2804 1005 2848 acetum
1022 2804 1070 2848 eat.
1104 2796 1165 2847 Hoc
1185 2796 1243 2846 loco

132 2882 191 2927 tem
207 2873 341 2925 auferendi
356 2882 444 2936 'casum
456 2874 484 2923 itl
499 2880 550 2937 eat,
561 2874 587 2922 in
599 2872 669 2923 tribu
708 2888 756 2938 pro
765 2875 861 2925 insulso
872 2882 899 2925 et
911 2876 1022 2940 insipido
1030 2875 1159 2926 nebulone
1170 2874 1244 2937 poui-

132 2952 238 3001 Veliua.
257 2950 345 3000 labia.
707 2954 902 3017 tur.-Et,t·e.]
926 2954 1067 3017 conjungit
1075 2952 1139 3002 vitia
1149 2964 1241 3015 corpo-

169 3030 201 3075 'll
221 3028 341 3091 Emeruit]
358 3026 466 3089 Meruit,
476 3031 567 3075 nactus
577 3034 627 3088 est,
637 3027 669 3075 si·
709 3027 829 3086 ris,vitiis
843 3030 929 3091 animi,
946 3035 975 3077 ut
987 3031 1070 3093 ipsum
1083 3029 1199 3087 minoris,
1213 3035 1243 3077 et

132 3101 190 3153 mul
213 3116 243 3149 uc
262 3104 415 3152 seruitutem
429 3102 512 3161 exuit,
531 3108 560 3150 et
581 3116 670 3149 seruus
707 3102 819 3167 denique
831 3105 903 3153 olbili
922 3105 1052 3154 ostendat.
1090 3106 1139 3153 Est
1150 3110 1237 3151 autem

132 3192 194 3229 ease
212 3176 484 3239 dualia-Scodram]
509 3176 578 3238 Vile,
596 3191 670 3240 aspr·
707 3180 785 3243 lippae
803 3180 847 3228 eui
868 3179 937 3229 oculi
966 3178 1058 3231 fluunt.
1102 3178 1241 3229 'l'umebua

133 3254 257 3315 rum‚vel
267 3255 346 3301 etiarn
363 3260 522 3317 corruptum,
531 3254 617 3317 qualia
626 3254 671 3301 illu
709 3265 787 3302 mr.
800 3258 840 3303 ll.
860 3268 908 3317 pro
928 3253 1243 3316 improbo.-n,ec.]1n

131 3329 266 3381 strumenta
275 3330 386 3392 publica.
421 3330 528 3379 Solebat
539 3337 624 3379 autem
635 3330 671 3377 ci·
708 3330 737 3378 re'
757 3329 887 3389 vilissima,
906 3344 937 3378 ac
957 3330 1050 3379 nuliius
1071 3329 1162 3394 precii.
1196 3330 1245 3381 Eat

132 3404 212 3453 vibus
230 3404 305 3453 lium.
323 3403 477 3453 lmnrentum
500 3406 604 3467 publice
625 3420 672 3469 per
708 3405 813 3467 proprie
828 3405 941 3467 sunago,
953 3406 1150 3471 quadrupedum
1163 3404 1244 3469 pabu-

134 3487 264 3530 tesseram
276 3480 339 3538 dari,
348 3487 375 3528 et
385 3480 488 3544 quidem
496 3481 577 3544 gratu
586 3481 612 3529 iu
619 3482 671 3529 siu·
708 3480 924 3543 rum-Menum]
950 3481 1151 3544 Frauduleutus,
1168 3482 1245 3547 perfi-

135 3556 212 3621 gulos
224 3554 331 3617 modios,
341 3555 429 3605 Publii
440 3554 526 3605 Clodii
537 3554 671 3605 beneficio.
708 3554 766 3617 clus,
776 3556 821 3620 qui
835 3556 1015 3619 jumentorum
1034 3557 1138 3609 cibariis
1154 3574 1183 3608 ae
1193 3574 1244 3608 nou

134 3630 307 3693 Ammo]
331 3629 410 3692 Signo
424 3628 602 3690 frumentario,
620 3644 671 3695 quo
709 3639 848 3697 temperet.
865 3634 955 3684 moia.

135 3705 253 3756 exiribito
265 3704 422 3755 immentum
435 3706 578 3769 aprlucipe
590 3707 670 3756 daba-
738 3712 772 3756 18
792 3709 964 3773 7σ1σ11,1·ο.]
978 3710 1152 3773 Subiutellipe
1159 3710 1241 3773 mi,

136 3787 190 3831 tur.
206 3780 292 3829 Labie.
707 3784 751 3833 vel
770 3784 811 3833 ali
826 3784 852 3832 io
869 3799 959 3847 gyrum
977 3786 1080 3834 emtam
1095 3792 1124 3833 ct
1134 3784 1242 3833 circum·

171 3860 203 3906 iti
217 3856 283 3917 Heu,
294 3856 347 3919 tc]
365 3854 396 3905 ld
407 3862 457 3919 eat,
467 3857 527 3907 lleu
537 3858 608 3907 cives
618 3858 670 3907 Ro·
706 3860 918 3925 egerite-Hane,
932 3860 986 3923 tm]
1016 3862 1134 3920 Damam,
1145 3858 1244 3907 manci·

136 3932 365 3992 autumaverimus
375 3932 478 3983 steriles
493 3941 521 3982 et
530 3932 628 3995 iuaues,
639 3948 671 3982 uu
707 3938 779 4001 plum
800 3934 1157 3999 nequissimum—Memento,
1185 3934 1242 3999 ue]

136 4023 225 4058 avem
234 4016 261 4057 et
275 4016 349 4058 recto
361 4008 672 4071 alienissimos-Quibus,
708 4014 811 4062 Panem
823 4014 866 4062 ibo
883 4010 1019 4073 temporis,
1036 4024 1087 4074 quo
1098 4009 1174 4059 turbo
1187 4010 1244 4071 ille,

135 4086 192 4151 lm]
220 4087 293 4139 Quos
305 4087 533 4147 manumittebant,
542 4099 586 4136 eoa
597 4088 672 4150 alapa
708 4090 750 4139 rel
773 4104 860 4154 gyrus,
881 4095 909 4136 et
928 4086 1097 4143 circumactio.
1114 4084 1155 4147 m,
1176 4084 1245 4136 liber

136 4176 277 4230 percaram
295 4162 514 4226 circumagebant,
531 4168 558 4212 ct
577 4162 673 4212 liberae
709 4164 806 4215 erudit.
824 4164 899 4213 Idm.

136 4238 334 4293 commatrum
360 4240 438 4290 Unde
449 4237 611 4290 manumissio
619 4237 674 4288 clie-
742 4235 982 4301 ramum]
999 4234 1243 4289 murmurum·
