2850 4817
498 399 624 449 annau
647 398 729 449 aar.
752 402 781 451 ι.
1122 384 1189 453 218

76 538 481 591 bicornamentiasimnlotona
495 556 577 609 opera
587 548 617 593 et
654 542 905 595 commiserationem
921 541 1081 608 imploraret
1114 541 1190 593 Nun·

78 616 271 667 absolutionem
289 626 317 667 et
338 616 442 667 landem
462 626 616 668 consecutu-
655 618 870 683 quamprofecto.
903 620 972 671 Hinc
985 620 1077 669 liorat.
1089 618 1189 684 iuquit:

77 692 269 757 rum-Raris]
302 693 407 758 lugenti
432 708 494 743 cura
512 693 617 757 Umatia,
654 694 703 743 ‘Sl
723 696 813 745 riame
829 694 901 757 dere,
920 695 1057 745 dolendum
1075 694 1190 745 Primum

78 769 222 831 perpolitis
232 784 332 821 summa
341 769 476 819 industria.
504 771 553 819 Eat
563 784 617 819 me·
655 772 705 838 ipsi
715 772 948 836 ttb1.'-Ercarter]
965 772 1191 825 Quemadmodum

79 844 195 909 tapltora
216 846 354 911 desumpta
372 848 405 897 ab
427 846 563 910 eborariis,
589 853 618 897 et
655 848 795 915 naufragus
813 850 835 899 si
852 851 945 913 stipem
958 862 1025 897 ame
1036 848 1194 909 emendicat,

78 922 225 971 statuariis.
245 922 349 975 cmo.
656 932 686 974 et
696 926 768 975 vultu
779 924 854 975 hilari
867 934 946 989 atque
958 926 1018 975 laeto
1031 930 1131 987 cantet,
1143 936 1192 973 neo

115 1001 150 1045 86
160 997 316 1063 librante]
331 1000 469 1052 antitheta
478 999 617 1053 aunthmc:
656 1002 788 1051 cumulum
801 1001 905 1065 quidem
917 1001 958 1051 vel
973 1015 1055 1050 astam
1073 1014 1140 1049 ame
1152 1012 1194 1049 ac·

79 1072 90 1101 ‘
102 1074 192 1123 Fortia
204 1077 319 1141 neglecti
327 1078 450 1129 velabant
460 1081 527 1129 colia
537 1079 618 1143 capil-
656 1076 755 1140 cipiet:
773 1076 811 1125 ita
829 1090 877 1125 nec
897 1090 965 1137 reus,
983 1074 1127 1139 magnificis
1138 1088 1194 1125 rer·

81 1151 122 1201 li:
142 1152 179 1201 Et
196 1166 245 1215 per
262 1155 376 1216 neglecti
391 1156 537 1206 volitabant
552 1156 619 1205 colla
657 1152 698 1203 bie
721 1154 743 1203 si
764 1159 862 1216 utatur,
880 1167 921 1203 me
939 1152 971 1201 ad
990 1149 1192 1201 misericordiam

83 1230 193 1293 capilli.'
225 1231 302 1281 ‘Aut
319 1234 438 1297 quotiens
456 1232 618 1296 umbrapor-
656 1230 838 1281 commovebit.
873 1228 998 1279 Solebant
1022 1235 1109 1277 autem
1130 1238 1192 1275 uarr-

82 1307 142 1355 reni
154 1306 260 1357 brachia
269 1315 352 1359 mata:
370 1309 424 1359 Aut
435 1310 555 1374 quotiens
564 1325 618 1359 um.
656 1302 723 1367 fregi
733 1303 895 1367 naufragium
905 1318 978 1353 suum
987 1301 1094 1365 depingi
1101 1312 1193 1349 curare

83 1380 135 1431 bra
144 1382 235 1431 reduxi
248 1384 351 1433 bracbia
360 1384 448 1435 mota!
481 1384 620 1435 Antirheta
656 1381 684 1430 io
696 1380 791 1431 tabella
811 1380 931 1445 quadam,
949 1388 977 1429 et
995 1379 1065 1427 illam
1085 1376 1193 1425 humero

83 1464 174 1507 antem
183 1458 310 1522 istasunt,
319 1467 477 1525 qnacoutra
485 1475 513 1509 se
522 1474 619 1523 ponun-
657 1462 774 1519 portare,
793 1464 821 1504 et
833 1456 921 1503 obvios
931 1452 1071 1502 miserabili
1083 1451 1127 1499 illa
1138 1450 1193 1514 pic·
1280 1452 1283 1459 ’

84 1540 146 1585 tna:
165 1535 269 1597 ut,lainc
276 1535 617 1599 pudor,illiucpetulautia:
657 1538 718 1581 tura
736 1538 764 1579 et
783 1528 946 1579 lamentabili
964 1542 1027 1577 voce
1048 1526 1081 1576 art
1098 1525 1192 1589 stipem

82 1612 145 1661 biae
156 1612 293 1675 pudicitia,
303 1614 375 1663 illinc
392 1620 525 1677 atupmrn:
542 1612 619 1663 iatine
657 1607 707 1657 albi
720 1606 874 1671 erogandam
893 1611 921 1655 et
940 1604 1192 1655 commiserationem

81 1686 225 1751 fraudatio,
236 1690 308 1739 illinc
319 1690 392 1741 fida.
413 1691 467 1741 Vct.
479 1689 622 1740 Scite-Aa·
658 1683 792 1747 impellere
811 1688 838 1731 et
859 1694 1032 1731 commovere.
1068 1678 1143 1727 Hanc
1155 1685 1193 1727 ta·

82 1764 191 1827 mdia]
222 1765 254 1815 ld
276 1774 328 1828 est,
348 1767 450 1830 Figuris
470 1772 500 1817 et
517 1773 620 1816 contra·
658 1762 744 1811 bolam
757 1761 853 1824 pictam
866 1756 1006 1823 porteailli
1018 1756 1077 1807 Deu
1088 1768 1194 1821 ruspen-

83 1843 323 1907 positia-uanas]
342 1844 476 1894 Laudatur
486 1860 502 1895 a
513 1844 621 1894 atreum.
658 1836 846 1900 dabant,cnjus
855 1850 904 1900 ope
916 1848 944 1883 ae
954 1830 1090 1895 masnagio
1101 1830 1195 1881 libera·

85 1924 175 1968 ataute
185 1914 290 1982 corona,
306 1920 375 1985 quod
392 1920 527 1971 verboram
543 1918 622 1969 dores
659 1920 699 1964 toa
709 1912 862 1963 credebant.
880 1910 967 1961 mors.

83 1994 240 2057 etpicturaa
250 1998 422 2047 orationiaoaa
433 1996 512 2047 docte
523 1998 622 2047 incern-
690 1994 724 2039 89
742 1991 842 2051 Cotta,
853 1986 907 2051 iso]
924 1986 956 2036 111
968 1984 1060 2038 tudem
1075 1984 1194 2037 similitu·

84 2070 148 2119 erit.
182 2070 237 2119 Alii
269 2072 322 2135 leg.
348 2074 443 2121 Docta
461 2072 576 2135 manicae,
595 2072 622 2121 id
660 2065 720 2115 dine
745 2070 904 2129 perseverat.
947 2063 1028 2115 Qum
1050 2062 1137 2111 dicut:
1166 2062 1195 2113 st

85 2156 140 2209 eat,
166 2148 301 2197 Laudatur
328 2154 450 2214 maqaara
472 2149 512 2197 vir
529 2148 623 2198 doctas
660 2140 833 2192 renmvidero
848 2139 1045 2190 talivcrborum
1064 2138 1194 2189 lenocinio

84 2224 114 2273 ia
125 2225 254 2289 ponendo,
264 2226 305 2273 rel
317 2225 350 2275 ad
361 2225 516 2289 ponendam.
531 2224 622 2275 Latia.
659 2232 688 2267 ae
713 2221 839 2276 tuentem,
865 2214 974 2278 perinde
996 2214 1029 2264 ad
1051 2214 1194 2265 misericor-

120 2304 153 2349 87
170 2300 265 2350 Man
280 2301 336 2363 loc]
360 2300 449 2350 Verba
466 2301 624 2363 auditorum,
660 2298 731 2349 diam
751 2295 884 2359 movebor,
902 2301 982 2359 atque
1000 2294 1022 2343 si
1044 2292 1195 2358 naufragum

85 2377 168 2427 Pedii
175 2376 546 2441 orationeminrpndentiaaime
555 2391 625 2427 com·
660 2387 804 2423 emortuos
815 2372 841 2420 in
854 2370 943 2421 tabula
957 2369 1076 2433 depictor
1086 2370 1195 2419 circum·

86 2452 264 2517 probantium,
276 2460 399 2517 tauquam
409 2452 544 2503 dicerent:
562 2452 623 2503 ldoc
659 2448 799 2511 terentem,
809 2452 915 2497 eantare
927 2442 1196 2515 audirem-Pictura]

86 2527 187 2579 Pedion
202 2528 270 2579 belle
281 2528 356 2591 dicit,
373 2528 422 2579 boc
435 2536 476 2579 eat
495 2516 624 2593 pulcrum,
661 2526 730 2576 Nam
758 2539 791 2574 ne
812 2524 905 2587 sapias
933 2522 959 2571 in
978 2520 1108 2585 eroganda
1128 2519 1196 2582 stipe

86 2606 139 2655 boe
160 2604 382 2655 decorum—Hoc
402 2596 519 2669 licitatur]⁸
533 2606 623 2657 Verba
660 2616 732 2651 anam
753 2598 927 2650 calamitatem
946 2608 1055 2645 narrare
1075 2608 1198 2657 cogeren-

88 2679 177 2730 Peraii
187 2695 246 2731 cam
262 2679 440 2745 indignatione
452 2688 481 2731 et
491 2682 624 2731 stomacho
661 2686 713 2741 tur,
730 2674 893 2739 naufragium
905 2688 978 2723 suum
996 2673 1024 2721 in
1044 2670 1134 2721 tabula
1150 2670 1197 2719 ali·

88 2755 210 2805 vultuose
221 2756 403 2819 pronunciata.
435 2758 518 2809 Quasi
533 2758 621 2807 dicat:
661 2770 713 2819 qua
724 2754 857 2818 depictum
871 2764 904 2799 ex
921 2749 1029 2798 humero
1048 2746 1197 2812 portabant.

90 2832 175 2883 Eatne
183 2831 232 2881 boc
243 2832 358 2881 bellum?
369 2832 421 2881 imo
433 2840 474 2882 eat
484 2832 559 2895 longe
572 2838 625 2881 tnr-
660 2831 749 2882 Latin
773 2828 842 2882 Quia
851 2826 931 2892 mapa
939 2817 1056 2876 afficiunt
1065 2839 1124 2888 qum
1134 2838 1196 2873 ocu·

88 2906 234 2971 pissimum.
261 2907 422 2957 babia-Aa
444 2906 555 2970 mute]
581 2906 623 2957 An
661 2910 702 2971 lie,
721 2922 798 2973 quarn
809 2920 867 2971 quae
879 2904 984 2954 auribus
1001 2901 1195 2966 percipiuntur:

88 2983 175 3032 adbuc
185 2984 225 3031 vir
236 2984 287 3033 ea?
300 2983 406 3033 minime
417 2996 490 3046 vero,
507 2984 553 3033 sed
564 2984 625 3034 mol·
661 2985 720 3035 ideo
739 2984 868 3048 picturam
878 2978 1037 3029 adhibebant
1048 2978 1081 3027 ad
1093 2990 1197 3027 moven-

88 3056 353 3109 liaeteffoeminatue.
388 3060 552 3109 mammen
571 3060 625 3125 qni·
662 3062 721 3111 dam
738 3056 1013 3119 misericordiam,non
1030 3050 1148 3116 naufragi
1159 3068 1199 3102 ao-

87 3134 129 3184 ria
141 3133 332 3184 Romanorum:
348 3134 437 3184 mollia
458 3132 530 3185 facta
542 3134 626 3185 dicta·
662 3139 727 3199 lum,
737 3134 807 3201 quod
818 3132 893 3183 multi
904 3137 1050 3189 tenentum
1062 3127 1198 3177 sedetiam

87 3224 151 3275 qne,
171 3223 220 3260 nec
231 3211 348 3259 Romano
365 3224 414 3260 nec
434 3211 541 3260 mmcnli
553 3211 626 3275 apiri-
663 3212 767 3277 patroni
777 3209 880 3275 qmdam
891 3209 917 3257 in
929 3206 996 3257 toro.
1016 3203 1116 3255 camd.

87 3284 519 3336 taavtaoconventantaematoa.
545 3285 627 3338 Quasi
668 3330 672 3336 ,
695 3292 729 3337 90
749 3280 1135 3347 Verumtrc.]1deat‚0uime
1152 3294 1199 3329 aua

86 3362 180 3411 dicat:
198 3360 306 3409 Adeone
316 3374 363 3409 roa
375 3360 486 3410 Romani
498 3361 599 3411 nobiles
610 3376 627 3410 a
664 3361 770 3429 querela
779 3360 810 3410 ad
819 3356 1202 3419 misericordiameommovere,

87 3438 188 3487 virtute
199 3442 229 3487 et
243 3435 381 3501 prudentia
391 3436 516 3500 majorum
528 3445 627 3487 vestro-
665 3439 737 3490 etad
750 3436 937 3487 sublevandum
955 3434 1066 3497 lapsum,
1083 3438 1110 3481 et
1128 3431 1200 3481 humi

89 3528 150 3565 rum
160 3513 349 3578 degenerastis,
358 3521 389 3563 nt
398 3514 543 3577 impudenti
553 3514 627 3563 rabn·
665 3514 796 3579 dejectum
812 3514 948 3562 incurvare
959 3517 987 3559 et
1002 3507 1110 3557 flectere
1121 3506 1200 3557 uelit:

88 3593 125 3641 tas
136 3598 165 3640 et
174 3590 320 3654 impostori,
331 3605 424 3641 mcum
439 3604 511 3639 more
522 3588 627 3639 adblan-
664 3592 710 3641 ille
721 3589 782 3639 mibi
793 3603 845 3637 non
856 3585 1023 3638 lamentabile
1035 3583 1129 3649 aliquid
1142 3597 1201 3633 noc-

89 3665 338 3729 utantur-casea]
369 3668 420 3717 Eat
439 3672 526 3716 autem
547 3681 628 3717 centra
666 3674 694 3717 te
711 3671 890 3729 comparatum
905 3669 933 3714 et
951 3658 1200 3726 excogitatumplo·

89 3743 228 3808 propriam
254 3757 356 3804 canum,
380 3743 470 3793 clunes
498 3742 628 3791 adulando
666 3744 745 3805 rabit,
755 3756 804 3793 nec
821 3742 965 3801 elaborata,
980 3744 1008 3788 et
1020 3736 1201 3802 premeditata

88 3818 256 3883 agitammm.
289 3819 354 3868 lude
366 3818 444 3869 etiam
455 3818 540 3869 adres
551 3832 628 3868 reae-
666 3820 796 3881 oratione,
809 3818 855 3869 red
868 3816 988 3877 naturali,
1000 3813 1096 3875 vivida,
1107 3819 1135 3860 ct
1143 3810 1202 3859 sim·

90 3910 151 3945 reae
159 3894 325 3945 transfertur.
345 3895 433 3945 dubia.
667 3896 740 3963 plici,
756 3910 815 3945 auae
826 3894 887 3943 mibi
899 3891 1060 3943 calamitates
1070 3884 1202 3939 recitabit.

124 3978 159 4025 88
174 3974 242 4024 Men
251 3974 354 4037 maaet]
371 3976 452 4028 Quasi
467 3974 555 4025 dicate
572 3975 629 4023 Me·
667 3972 744 4021 Iden.

90 4066 126 4102 ne
135 4051 168 4101 ad
177 4051 378 4105 misericordiam
390 4056 628 4112 renacommorent,
699 4052 731 4097 ot
751 4044 871 4108 Ploradit]
904 4038 1076 4092 Lamentabili
1087 4052 1151 4088 voce
1162 4051 1203 4087 re-

89 4126 269 4192 aimagnit‘rcis
288 4136 317 4175 et
335 4126 629 4191 sesquipedalibuarer-
667 4117 956 4181 cimbia-imaue]
997 4116 1040 4167 Ad
1068 4114 1202 4178 dejectum

93 4207 145 4269 bia,
159 4205 298 4255 ambitiosa
308 4202 427 4253 oratione
437 4208 536 4265 utatur,
552 4215 630 4266 quem
667 4197 854 4249 sublevandum
861 4202 888 4245 et
896 4192 1047 4257 erigendum
1055 4190 1204 4254 inflectere;

92 4286 232 4351 spectaret
258 4278 403 4330 miserabili
428 4292 493 4330 roce
511 4277 631 4343 judicum
668 4276 769 4339 idest,
795 4274 905 4324 llorere
930 4270 963 4321 ad
985 4268 1200 4323 miscricordiam.
