2850 4817
255 324 299 407 1'2
335 348 338 356 '
644 356 691 405 nn
714 354 839 404 renen
866 352 969 419 utres,

253 520 385 585 semper
395 502 539 567 animum
555 502 772 579 attenderent,
794 520 897 585 seque
915 501 1032 569 inillis
1052 500 1262 566 adhibendis
1277 522 1375 566 excr-

253 608 373 680 cerent,
405 605 568 685 ingenium
598 604 782 682 neglectum
808 612 1027 679 exaresceret,
1064 604 1247 687 omnisque
1278 624 1374 686 gene·

202 760 205 767 .
254 706 364 770 rosior
383 712 417 768 61
438 706 535 769 altior
555 706 690 787 spiritus
706 712 766 768 aut
781 707 1033 784 extingueretur,
1051 715 1112 768 aut
1125 707 1250 770 saltem
1275 706 1372 788 quasi

255 804 473 887 compedibus
482 805 672 881 vinciretur,
684 826 761 889 qure
772 826 901 870 omnem
915 806 1055 869 liberum
1066 826 1207 870 cursum
1222 806 1372 870 retarda-

253 911 325 971 rent
341 912 374 969 et
389 906 595 988 impedirent.
1153 990 1158 999 ι

298 1008 493 1072 Dramatica
519 1010 615 1085 ratio,
646 1028 713 1091 qua
739 1030 834 1092 saepe
855 1010 1048 1073 felicissime
1067 1010 1241 1073 Horatius
1257 1011 1367 1081 autor,

254 1128 396 1195 quaeque
412 1109 587 1192 prudenter
601 1109 749 1174 adhibita
767 1114 802 1174 in
817 1110 928 1174 satiris
941 1130 1007 1174 non
1021 1111 1138 1174 ultima
1157 1113 1237 1175 laras
1249 1116 1317 1184 est,
1338 1111 1367 1171 iu

253 1208 382 1286 Persio,
406 1211 462 1293 qui
483 1230 555 1274 eam
571 1232 704 1294 quoque
727 1214 876 1287 tentavit,
898 1214 1020 1275 multas
1035 1222 1125 1276 creat
1138 1211 1365 1276 difficultates

255 1310 385 1379 Etenim
398 1312 500 1375 modo
514 1314 734 1378 adversarium
745 1316 934 1398 loquentem
947 1314 1087 1389 inducit,
1100 1332 1213 1397 eoque
1226 1314 1364 1377 dimisso

202 1484 211 1501 ,
255 1414 367 1479 statim
382 1416 467 1478 alius
491 1414 525 1477 in
551 1434 682 1479 scenam
702 1418 825 1499 prodit,
849 1435 916 1479 non
937 1417 995 1479 ille
1018 1418 1128 1497 prior3
1164 1417 1234 1479 nisi
1262 1414 1364 1478 maur

254 1520 406 1593 staurere,
422 1536 541 1600 parum
555 1520 721 1599 cogitasse
742 1518 906 1597 Persium,
920 1538 1006 1601 quas
1026 1522 1140 1600 partes
1154 1516 1307 1580 tuendas
1319 1535 1363 1579 se

253 1617 320 1681 mel
335 1620 377 1694 ei,
390 1638 534 1701 quocum
548 1620 613 1681 sibi
626 1639 694 1682 rem
705 1638 781 1682 esse
795 1620 939 1697 tinxerit,
954 1620 1115 1697 uibuerit,
1125 1625 1159 1681 ot
1169 1618 1254 1691 inde
1265 1617 1360 1681 modo

253 1720 318 1783 hoc
332 1719 432 1783 modo
446 1720 527 1783 illud
543 1720 770 1786 defendentem
785 1722 969 1785 induxisse.
1014 1721 1115 1804 Saepe
1135 1722 1244 1783 etiam
1260 1721 1361 1783 imita·

237 1824 306 1883 tur
319 1826 442 1883 tantum
455 1820 581 1884 Noster
593 1822 731 1887 aliomm
748 1842 944 1899 sermonem,
969 1822 1217 1903 dictionemque
1232 1829 1359 1885 naturae

253 1922 381 1984 illorum
398 1925 430 1983 el
441 1922 544 1986 indoli
562 1924 803 1989 accommodat
850 1924 1039 1988 Difficultas
1055 1931 1165 1988 autem
1176 1923 1261 1986 inde
1271 1941 1359 2004 saepe

253 2022 407 2097 oboritur,
430 2022 519 2101 quod
541 2024 574 2086 in
599 2025 682 2105 ipsis
698 2025 839 2107 dialogis
853 2045 918 2089 nou
933 2035 1087 2090 accurate
1102 2026 1186 2090 satis
1201 2032 1239 2089 et
1253 2025 1358 2107 ipsius

253 2131 286 2187 et
300 2120 478 2187 adversarii
494 2132 604 2205 partes
620 2124 771 2189 discretae
787 2133 873 2203 sunt,
888 2129 1052 2191 utstatim
1067 2129 1357 2209 cumulisque

255 2224 415 2303 dicuutur,
430 2231 500 2289 tum
515 2244 557 2287 ex
574 2226 697 2288 ratione
719 2226 849 2292 dicendi
863 2228 941 2311 ipsa
955 2229 1130 2310 intelligas,
1144 2230 1220 2291 uter
1232 2229 1292 2305 sit,
1306 2227 1356 2309 qui

254 2328 418 2409 loquatur,
434 2346 509 2390 curn
522 2334 655 2409 repente
670 2328 852 2391 orationem
867 2330 1039 2411 excipiens
1053 2348 1096 2392 ea
1109 2328 1220 2392 dicere
1233 2336 1354 2411 pergat,

256 2448 331 2513 quae
354 2429 565 2493 adversarius
589 2448 732 2493 exorsus
753 2432 870 2508 iuerat,
895 2437 1054 2513 tanquam
1077 2432 1149 2514 ejas
1179 2431 1275 2494 vices
1296 2430 1353 2493 sihi

254 2538 364 2596 esseut
376 2532 536 2597 manus.
581 2530 724 2596 Pertinet
738 2533 872 2615 quidem
888 2533 962 2597 llaec
976 2536 1060 2597 ratio
1074 2533 1117 2595 ad
1132 2533 1286 2608 ironiam,
1300 2530 1351 2595 sed

162 2642 165 2647 '
254 2652 407 2716 magnam
433 2636 530 2698 habet
553 2634 749 2712 cautionem,
771 2654 813 2697 ne
828 2636 1058 2718 perspicuitati
1080 2632 1254 2709 officiatur,
1271 2634 1350 2697 cuia

255 2734 366 2817 politis
382 2736 479 2799 etiam
494 2736 730 2798 consulendum
748 2741 810 2813 cst,
825 2754 970 2820 quaeque
984 2737 1028 2799 ab
1042 2736 1086 2799 iis
1099 2740 1226 2798 tantum
1239 2735 1349 2817 negligi

255 2836 349 2911 solet,
362 2836 418 2916 qui
432 2836 561 2917 ingenio
585 2836 731 2900 destituti
747 2838 889 2901 aliorum
912 2838 1055 2901 inventis
1068 2843 1212 2914 utuntur,
1232 2840 1348 2900 uerita·

186 3008 189 3014 Δ
256 2940 386 3019 temque
401 2935 436 2997 in
450 2944 566 3000 omatu
581 2937 687 2999 solum
699 2945 865 3019 quaerunt.

297 3038 421 3103 Verum
442 3039 475 3101 in
489 3038 595 3102 ironia
609 3036 796 3103 adhibenda
810 3040 944 3103 Persius
959 3058 1051 3121 saepe
1072 3038 1294 3122 nequicquam
1305 3041 1346 3103 la·

256 3144 394 3211 borovit.
440 3140 475 3205 N
477 3160 519 3203 ou
540 3140 668 3204 videtur
689 3140 776 3204 enim
798 3140 858 3203 illa
882 3140 1077 3203 elocutionis
1092 3138 1198 3221 ligura
1211 3141 1346 3204 ardentis

255 3262 329 3307 esse
355 3246 486 3325 ingenii,
513 3262 574 3307 nec
598 3244 641 3307 ab
664 3262 705 3307 eo
722 3242 820 3307 facile
835 3262 937 3325 posse
952 3243 1094 3317 tractari,
1118 3240 1216 3322 cujus
1231 3242 1345 3305 animus

255 3343 397 3424 graviori
410 3344 524 3425 aliqua
543 3344 773 3407 commotionis
788 3362 901 3424 genere
917 3344 1149 3421 conturbatur;
1177 3348 1231 3405 est
1244 3343 1343 3424 potius

253 3442 394 3506 ludentis
417 3450 474 3506 aut
497 3445 578 3506 risui
604 3446 779 3509 stultitiam
802 3446 929 3508 salibus
942 3449 976 3508 et
988 3444 1120 3507 facetiis
1134 3445 1341 3527 propinantis.

257 3544 334 3623 Quo
349 3545 449 3607 etiam
463 3544 511 3620 fit,
528 3552 562 3608 ut
576 3545 717 3609 Persius
732 3547 777 3609 ab
789 3546 910 3623 imnia,
926 3564 994 3629 qna
1012 3546 1061 3609 uti
1081 3546 1233 3628 coeperit,
1246 3547 1340 3609 statim

256 3646 419 3722 deflectat,
444 3652 541 3726 atque
561 3637 603 3707 ad
629 3648 804 3727 pristinam
823 3649 1017 3728 gravitatem
1029 3651 1064 3709 et
1077 3646 1288 3709 acrimoniam
1298 3664 1340 3707 rc·

161 3801 167 3810 .
203 3759 205 3765 '
254 3752 409 3813 vertatur.
455 3746 597 3809 Omnino
624 3747 758 3830 quidem
784 3748 818 3811 id
849 3748 935 3812 vitio
958 3766 1023 3811 non
1047 3747 1210 3823 verterim,
1230 3748 1257 3808 si
1278 3747 1340 3830 quis

255 3852 394 3916 ironiam
410 3853 586 3934 pertulum
602 3867 688 3931 opus
703 3868 769 3913 non
783 3856 924 3926 tueatur,
940 3848 1031 3931 quod
1046 3854 1082 3911 ut
1095 3847 1163 3925 fiat,
1179 3866 1202 3910 a
1223 3849 1338 3930 quibus·

256 3953 332 4017 dam
359 3950 614 4035 pulchritudinis
639 3960 671 4015 et
687 3954 874 4015 uenustatis
898 3952 1059 4015 doctrinae
1078 3950 1242 4030 magistris
1264 3951 1337 4012 velut

254 4055 327 4135 lege
341 4056 503 4119 sancitum
519 4052 687 4133 ridemus3
715 4054 880 4136 nequead
896 4055 1066 4117 Socratem
1087 4050 1250 4131 coniugio,
1262 4058 1295 4113 ut
1305 4049 1336 4113 il-

255 4152 320 4216 lius
334 4154 487 4238 exemplo
503 4154 565 4219 hoc
581 4154 764 4234 dolendam,
780 4156 838 4240 qui
852 4174 946 4237 saepe
961 4154 1048 4220 sorio
1063 4152 1151 4219 dicta
1165 4153 1274 4216 ironiae
1285 4154 1333 4215 in·
